4875 6634
459 785 495 838 tt
981 772 1234 852 ΑΝΤΙΦΩΝΤΟΣ
1254 774 1415 834 retuso.
1437 775 1476 845 B,
1500 777 1526 852 β.
1905 779 2048 852 ’γεω-νει)

453 903 499 962 καὶ
519 900 557 979 μὴ
580 899 688 978 ἀληθείφ
708 899 755 970 τὴν
769 897 854 978 κρίσιν
871 897 1046 969 ποιήσασθαι·
1065 902 1083 969 ἡ
1110 897 1157 975 pis
1174 897 1226 978 γάρ
1271 919 1327 956 nens
1336 908 1441 970 opinntto
1452 907 1549 970 quidem
1560 909 1767 970 rerumgestarum
1784 907 1890 958 oecnnde
1900 909 1929 958 iis
1943 911 1993 972 est,
2005 911 2050 974 qui

451 989 512 1058 δόξα
520 993 571 1047 τῶν
583 987 750 1068 πραχθέντων
760 985 823 1064 πρδς
834 988 883 1044 τῶν
892 986 975 1063 λέγειν
988 985 1135 1064 δυναμένων
1146 987 1225 1058 terti,
1271 993 1383 1043 ineundis
1394 990 1491 1054 volent3
1504 993 1595 1043 veritus
1609 997 1691 1044 autern
1708 995 1756 1044 stnt
1767 1006 1782 1043 n
1794 994 1905 1056 pertibus
1922 996 2049 1048 hominurn

451 1081 468 1148 r
482 1075 508 1135 δέ
523 1075 630 1146 ἀλήθεια
642 1073 705 1155 πρδς
718 1077 769 1132 τῶν
779 1074 865 1132 δίκαια
879 1074 924 1132 καὶ
935 1073 994 1132 ὅσια
1003 1073 1181 1153 πρασσόντων.
1267 1079 1367 1141 Junrrrc
1375 1083 1448 1142 etque
1457 1080 1563 1142 religioni
1573 1081 1732 1142 operantium

490 1183 514 1224 s.
529 1164 651 1223 Ἐδόκονι
667 1161 714 1240 μέν
727 1151 771 1220 οῦν
783 1161 863 1240 ἔγωγε
876 1166 959 1219 ταῦτα
971 1160 1101 1220 παιδεύων
1113 1161 1157 1220 τὸν
1170 1160 1225 1221 υίδν
1301 1174 1325 1216 ³.
1341 1167 1471 1229 Spcrohern
1483 1167 1565 1230 reque
1573 1180 1617 1229 ego
1628 1167 1706 1216 tilium
1715 1167 1833 1216 mcumiis
1843 1167 1949 1230 εείίθυο,
1960 1169 2051 1232 quim

450 1249 478 1318 ἀξ
493 1241 528 1308 ὧν
547 1249 663 1325 μάλιστα
683 1249 713 1306 ιδ
736 1247 820 1307 κοινὸν
837 1250 859 1306 ὠ
879 1250 991 1320 ελεῖται,
1008 1249 1103 1324 ἀμφοῖν
1121 1270 1147 1306 τι
1160 1253 1225 1324 ἡμῖν
1270 1254 1376 1302 menime
1386 1266 1449 1316 respo
1458 1255 1559 1303 ornetur
1567 1290 1576 1314 ‚
1585 1253 1714 1314 erudiens,
1727 1255 1792 1315 tore,
1802 1257 1831 1303 ut
1842 1255 1916 1306 nrnbu
1926 1257 2050 1306 commodi

451 1337 548 1414 ἀγαθόν
568 1334 761 1406 ἀποθήσεσθαι·
784 1359 839 1412 συμ
858 1335 937 1404 εόηκε
958 1334 986 1392 δέ
1005 1357 1049 1410 μοι
1065 1334 1130 1393 πολὺ
1152 1334 1225 1416 παρδι
1269 1340 1360 1402 reliquid
1381 1339 1437 1389 inde
1449 1341 1627 1403 perciperemus
1643 1359 1650 1389 ι
1668 1353 1754 1390 verum
1769 1341 1849 1392 evenit
1868 1341 1929 1391 mitri
1949 1356 2050 1404 prorum

410 1447 437 1489 ος
451 1424 556 1502 γνώμην
567 1421 674 1482 τούτων.
689 1423 715 1481 Τ
715 1421 729 1480 θ
738 1419 788 1500 γθρ
799 1419 932 1501 μειροίκιον
944 1423 992 1498 οθχ
1005 1419 1079 1499 ύάρει
1088 1420 1145 1478 οὐδὲ
1160 1424 1225 1480 ἀκο-
1269 1430 1354 1476 contre
1370 1427 1605 1489 etqueoperebetur.
1636 1430 1698 1476 Nem
1714 1427 1852 1478 adolescens
1867 1429 1923 1489 tric,
1936 1443 1987 1478 non
2000 1430 2044 1480 ine

450 1513 544 1590 λασίφ,
563 1509 631 1568 ἀλλά
646 1510 761 1585 μελετῶν
778 1508 844 1585 μετὰ
864 1511 916 1566 τῶν
932 1509 1030 1578 ἡλίκων
1045 1508 1184 1575 ἀκοντίζειν
1197 1509 1224 1565 ἀν
1268 1516 1326 1576 peto
1339 1513 1595 1577 quodomnmguutins
1609 1515 1647 1564 ret
1662 1515 1802 1576 penitentie
1817 1517 1899 1577 σοίιιε,
1913 1517 1956 1566 sed
1968 1517 1994 1565 in
2006 1531 2047 1580 gp·

449 1603 486 1677 τῷ
498 1595 633 1676 γυμνασίῳ
647 1595 725 1654 ίόαλε
738 1594 796 1670 μέν,
806 1597 853 1654 οὐκ
868 1594 1000 1654 ἀπέκτεινε
1014 1594 1041 1653 δὲ
1051 1594 1141 1654 ούδένα
1156 1593 1225 1653 κατέ
1268 1599 1360 1649 morcio
1372 1613 1422 1649 uns
1439 1613 1495 1649 cnm
1509 1599 1643 1663 equalibus
1654 1600 1763 1661 incolum
1782 1601 1921 1664 intorquere
1936 1603 2048 1666 diceens,

448 1709 478 1765 γε
490 1684 536 1756 τὴν
549 1683 671 1753 ἀλήθειαν
682 1674 718 1740 ὧν
728 1681 845 1762 ἔπραξεν,
858 1681 938 1741 ἀλλον
952 1682 975 1739 δ’
986 1683 1022 1747 είς
1043 1681 1120 1740 αῦτθν
1134 1681 1224 1761 ἀμαρ-
1268 1688 1383 1750 percrrssit
1398 1687 1496 1750 quidem
1506 1701 1555 1736 ιωυ
1564 1699 1623 1738 vcro
1640 1687 1757 1737 interserit
1766 1701 1932 1751 quemquern,
1945 1690 1966 1739 si
1980 1693 2049 1742 reete

449 1772 536 1840 πόντος
551 1775 586 1838 είς
600 1770 733 1836 ἀκουσίους
744 1768 829 1836 αἰτίας
842 1761 926 1841 ἦλθεν.
970 1769 1001 1849 (ι)
1017 1770 1050 1828 Εἰ
1065 1769 1112 1844 μὲν
1130 1768 1180 1847 γὰρ
1195 1768 1225 1826 τὸ
1269 1788 1325 1836 quur
1334 1774 1416 1824 tenerit
1429 1774 1594 1837 perpenderis,
1605 1774 1648 1824 ced
1657 1774 1705 1824 elio
1713 1774 1738 1824 in
1746 1776 1822 1825 seruet
1831 1777 2045 1838 peecnnteinvitnr

449 1859 566 1918 ἀκόντιον
578 1857 626 1926 ἔξω
639 1861 689 1922 τῶν
700 1855 766 1938 θρων
777 1860 822 1926 τῆς
830 1859 910 1914 αὑτοῦ
923 1855 1027 1934 πορείας
1034 1855 1077 1914 ἐπὶ
1085 1855 1127 1914 τὸν
1142 1857 1225 1912 παῖδα
1268 1861 1579 1912 ἰυοείωίσείὶοοοιιιεοσΙι
1611 1863 1646 1923 (ί)
1659 1862 1867 1924 remorandum
1879 1867 1950 1913 extre
1958 1867 2043 1916 terni·

449 1943 579 2024 ἀζενεχθίν
594 1945 704 2026 ἔτρωσεν
715 1941 803 2014 αὐτόν,
816 1941 896 2008 οὐδείς
908 1946 971 2018 ἡμῖν
981 1941 1056 2019 λόγος
1071 1941 1225 2002 ὑπελείπετο
1267 1961 1312 1998 nos
1320 1948 1372 2009 eins
1383 1948 1464 2002 cursol
1477 1947 1606 2010 pronitus
1617 1951 1728 1998 uectum
1743 1947 1768 1996 in
1779 1959 1880 2009 puerum
1893 1949 2049 2012 incurriset,

407 2056 435 2096 ου
450 2033 487 2110 μὴ
501 2037 618 2113 φονεῦσιν
637 2019 716 2090 εἶναι·
739 2035 784 2088 τοῦ
806 2028 833 2086 δῖ
848 2028 940 2096 παιδὸς
954 2028 1003 2089 ὑπὸ
1016 2029 1063 2098 τὴν
1083 2033 1128 2086 τοῦ
1148 2031 1225 2088 ἀκον·
1268 2049 1374 2098 eumque
1385 2037 1522 2096 meteret,
1537 2036 1604 2086 nolin
1614 2036 1684 2086 nobis
1698 2035 1782 2086 relicte
1792 2035 1854 2086 toret
1862 2037 1987 2086 excusatio
1999 2051 2050 2102 qun

450 2121 506 2179 τίον
520 2118 601 2198 φοράν
621 2113 811 2196 ὑποδραμόντος
822 2114 867 2172 καί
880 2115 910 2173 τθ
926 2118 1004 2191 σῶμα
1018 2114 1225 2193 προοτήσαντος,
1268 2122 1884 2185 ἰυουοείίουαιισεεάίοθομεθετεσιιιειείφυίμιοτίο
1891 2124 1966 2185 inerti
1975 2125 2051 2189 irnpc·

446 2211 470 2275 [θ
478 2201 526 2277 μὲν
536 2203 664 2281 ἐκωλύθη]
674 2209 720 2260 τοῦ
729 2206 825 2260 σκοποῦ
837 2205 936 2279 τυχεῖν,
947 2205 961 2260 δ
973 2201 1000 2258 δί
1008 2202 1058 2260 ὑπὸ
1067 2201 1098 2260 τθ
1108 2201 1226 2259 ἀκόντιον
1268 2212 1322 2260 tom
1331 2222 1475 2260 succurrens
1482 2221 1617 2272 corpusque
1627 2209 1650 2258 ci
1662 2207 1792 2271 obiiciene
1805 2210 1935 2272 quominus
1947 2225 2049 2275 scopum

451 2290 568 2351 ὑπελθὼν
582 2289 694 2361 ἀῦλιίθη,
713 2289 759 2348 καί
770 2286 816 2359 τὴν
831 2289 917 2348 αἰτίαν
933 2289 982 2366 οὐχ
999 2286 1128 2368 ἡμετέραν
1146 2279 1227 2348 οὖσαν
1267 2297 1329 2348 ore
1341 2295 1573 2358 rcererrmpcurrrr,
1583 2296 1633 2359 ipse
1641 2308 1700 2346 reru
1712 2296 1739 2346 ln
1750 2295 1793 2346 rer
1802 2295 1941 2359 eonioetnnr
1949 2301 2050 2350 venius

451 2377 695 2458 προσίύαλενὴμῖν.
740 2375 770 2452 (τί
780 2373 830 2435 Διά
846 2376 873 2433 δέ
890 2372 937 2446 τὴν
952 2371 1101 2453 ὑποδρομὴν
1117 2372 1226 2452 βληθέν·
1268 2385 1450 2446 premes,
1460 2383 1759 2447 ideoqueerinrinutionero
1770 2383 1841 2434 nobis
1851 2385 2049 2436 nttntitnitrilnd

449 2489 493 2532 τος
501 2470 546 2524 τοῦ
555 2463 657 2534 παιδός,
667 2462 697 2521 ιθ
707 2461 754 2540 μέν
766 2462 900 2544 μειράκιον
909 2463 938 2520 ού
951 2459 1054 2527 δικαίως
1064 2463 1227 2520 ἐπαυλεῖται
1268 2483 1313 2520 nne
1321 2471 1487 2533 pertinentem.
1499 2471 1534 2533 (5)
1547 2472 1615 2520 Petet
1623 2469 1861 2532 ειηοεάυίοοοειιεεσι
1873 2471 1962 2533 iniuria
1975 2473 2050 2522 endis

452 2556 461 2630 (
475 2551 565 2612 οὐδένα
578 2551 629 2630 γθρ
643 2549 721 2609 έθολε
734 2553 786 2608 τῶν
802 2549 856 2608 ἀπὸ
870 2555 915 2608 τοῦ
926 2552 1024 2607 σκοποῦ
1039 2546 1226 2627 ἀφεστώτων),
1270 2558 1416 2619 insimulari,
1425 2557 1594 2620 qnioemtnem
1603 2570 1688 2607 eorum
1701 2557 1810 2606 οειυιίυαι
1822 2558 1898 2620 feriit,
1907 2560 1952 2622 qui
1962 2561 2048 2622 procot

450 2643 464 2698 δ
480 2639 507 2698 δέ
527 2639 588 2704 παῖς
607 2635 680 2718 είπερ
694 2635 773 2702 ἑστὼς
785 2634 894 2716 φανερὸς
908 2639 968 2712 ὑμῖν
980 2633 1036 2694 ἐστί
1050 2633 1088 2710 μὴ
1106 2635 1225 2712 βληθείς,
1271 2648 1362 2695 emere
1376 2645 1431 2694 tono
1443 2657 1489 2694 sno
1498 2643 1667 2694 conniteront
1699 2645 2050 2709 Prroettsquesipnritertnen

412 2755 439 2792 ης
451 2725 572 2792 ἑκουσίοις
592 2724 642 2783 ύπθ
662 2723 709 2794 τὴν
732 2723 815 2805 φορὰν
839 2727 885 2782 τοῦ
905 2721 1024 2782 ἀκοντίου
1047 2722 1163 2780 ὑπελθὼν
1186 2721 1226 2780 ίτι
1270 2745 1317 2781 σου
1330 2731 1638 2794 πεσοιιιειιείοοσί,ρτοου1
1653 2730 1803 2781 omntdubio
1811 2732 1875 2782 ictus
1887 2747 1937 2782 non
1949 2735 2047 2795 tnhret3

451 2809 614 2894 σαφεστέρως
630 2812 753 2883 δηλοῦται
767 2808 810 2868 διά
825 2807 873 2880 τὴν
886 2812 965 2868 αύτοῦ
978 2806 1111 2888 ἁμαρτίαν
1125 2810 1226 2867 ἀποθα·
1269 2832 1309 2868 rer
1318 2821 1356 2868 est
1366 2819 1492 2882 perprem
1501 2837 1509 2870 ι
1518 2817 1561 2869 sed
1569 2819 1647 2868 rnutto
1654 2817 1736 2868 ndtrue
1749 2820 1868 2882 mamert
1876 2821 2047 2884 ροτοφίαιυυι,

450 2899 518 2958 νύν·
532 2900 562 2957 ού
575 2897 626 2978 γάρ
639 2896 671 2958 ἀν
684 2896 784 2969 ίόλήθη
796 2896 943 2976 ἀτριμίζων
953 2895 999 2955 καί
1013 2893 1050 2972 μὴ
1067 2895 1223 2975 διατρέχων.
1269 2919 1327 2955 eum
1339 2908 1434 2956 memet
1443 2919 1525 2956 errore
1538 2906 1665 2967 σεοίθίεεος
1675 2917 1733 2954 ιιειιι
1744 2905 1871 2969 ἀφεῖσθαι
1880 2909 1906 2956 et
1914 2909 2047 2958 imbitur

451 2984 481 3066 (e)
496 2985 628 3044 Ἀκουσίου
639 2985 666 3043 δί
680 2989 725 3044 τοῦ
734 2984 811 3064 φόνου
827 2983 855 3052 ἀξ
872 2987 968 3063 ἀμφοῖν
979 2985 1039 3058 ύμῖν
1050 2983 1226 3062 θμολογουμέ·
1269 2993 1478 3044 minatione
1489 3005 1533 3042 sne
1544 2992 1734 3055 permerened,
1748 2991 1811 3042 ictus
1820 3006 1870 3042 non
1880 2994 1977 3045 ἀνίατοι.
2007 2996 2045 3056 is)

451 3099 495 3134 νου
509 3072 640 3152 γενέσθαι,
653 3075 683 3132 ἀκ
695 3075 742 3142 τῆς
750 3071 894 3150 ἁμαρτίας,
908 3069 1032 3148 όποιέρου
1043 3071 1128 3128 αὐτῶν
1143 3070 1226 3150 ἐστίν,
1270 3080 1318 3131 sed
1332 3079 1447 3142 quoniam
1463 3081 1547 3128 contre
1562 3079 1689 3142 utriusque
1703 3079 1854 3128 vomentem
1864 3079 1980 3130 ecctdine
1995 3093 2047 3130 ce·

434 3185 436 3190 ·
452 3161 490 3220 ἔτι
501 3185 531 3240 γι
546 3159 701 3272 σαφίσττφον
718 3157 749 3218 ἀν
764 3165 778 3217 θ
795 3158 884 3238 φονεύς
896 3157 1040 3236 ἐλεγχθείη.
1080 3154 1119 3217 Oi
1129 3180 1158 3215 τε
1175 3157 1227 3236 γάρ
1269 3167 1325 3217 den
1339 3168 1403 3217 inter
1417 3179 1462 3216 nos
1471 3166 1523 3227 jem
1537 3167 1663 3224 convenit,
1677 3179 1746 3216 error
1761 3165 1886 3227 eninm
1895 3168 2049 3230 metitque·

454 3247 645 3327 ἁμαρτάνοντες
655 3269 691 3306 ων
703 3243 735 3304 ἀν
749 3243 906 3316 ἀπινοήσωσί
919 3267 945 3302 τι
956 3245 1064 3322 δρᾶσαι,
1075 3235 1144 3302 οἶτοι
1155 3245 1226 3324 πρά·
1269 3267 1365 3315 σεωυος
1382 3253 1439 3303 inde
1455 3252 1521 3303 enirn
1536 3252 1671 3302 ειίάοιιείυο
1689 3251 1769 3302 edhnc
1786 3252 1908 3302 ίιοιιιίἀθι
1922 3260 2047 3317 ematur,

452 3357 540 3414 κτορις
549 3337 600 3392 τῶν
612 3331 738 3391 ἀκουσίων
750 3331 827 3390 ιίσέν·
840 3334 863 3390 οί
879 3332 907 3390 di
921 3328 1037 3388 ἑκούσιόν
1049 3355 1075 3390 τι
1088 3331 1226 3412 δρῶντιςῆ
1269 3342 1367 3392 sciticct
1381 3340 1452 3403 siqui
1463 3343 1488 3390 in
1497 3338 1612 3402 agendos
1624 3339 1747 3402 proposito
1758 3351 1805 3389 suo
1819 3340 1948 3402 coenet,
1962 3342 2048 3391 tint

410 3449 437 3486 ω
451 3411 689 3500 πέσχοντες,ούτοι
700 3422 751 3476 τῶν
761 3418 923 3494 παθημάτων
934 3417 1012 3476 αίτιοι
1023 3418 1146 3496 γίνονται.
1190 3421 1224 3496 (7)
1269 3431 1394 3480 effectores
1411 3439 1494 3478 rerum
1510 3427 1743 3488 involuntarium
1755 3428 1841 3477 eostre
1854 3427 1898 3489 qut
1911 3427 2049 3478 rolnntnrie

451 3508 491 3567 Τὸ
503 3506 550 3584 μέν
566 3505 649 3564 τοίνυν
663 3504 798 3584 μειράκιον
816 3504 877 3585 περὶ
894 3503 984 3562 οάδένα
1004 3505 1121 3586 ἥμαρτεν
1139 3507 1223 3564 οὐδέν·
1268 3516 1359 3579 aliquid
1370 3516 1409 3565 vel
1426 3515 1517 3564 tectont
1529 3514 1569 3564 ret
1582 3513 1635 3563 fleri
1648 3513 1783 3577 potiuntur,
1803 3513 1822 3563 ii
1837 3517 1950 3566 eunom
1961 3529 2050 3566 eurum

451 3590 756 3673 ούτιγάράπειρημένον,
769 3589 837 3650 ἀλλά
847 3591 1073 3670 προστεταγμένον
1079 3590 1226 3667 ἐξεμελέτα,
1269 3617 1325 3666 ane
1333 3603 1395 3652 flunt
1405 3601 1532 3650 nubentur.
1565 3602 1599 3662 (7)
1607 3604 1663 3649 tem
1675 3600 1814 3651 adolescens
1824 3614 1894 3651 ιιιευε
1905 3603 1972 3652 ιιυΙΙε
1985 3603 2047 3653 rein

451 3679 510 3738 οὔτε
524 3683 550 3738 ἀν
563 3676 775 3758 γυμναζομένοις,
798 3678 857 3736 ἀλλ’
874 3680 900 3734 ἀν
919 3680 953 3756 τῇ
971 3681 1023 3735 τῶν
1043 3677 1226 3746 ἀκοντιζόντων
1270 3689 1408 3753 quunptnrn
1427 3687 1545 3751 peccarit.
1577 3686 1713 3737 Exmbet
1726 3690 1805 3738 nrtcrn
1822 3701 1872 3738 non
1892 3689 2048 3740 interdictum

450 3767 521 3836 τέξει
541 3769 683 3839 ἠκόντιζεν,
702 3765 761 3825 ούτε
778 3769 822 3823 τοῦ
842 3769 939 3824 σκοποῦ
961 3763 1096 3844 ἁμαρτών,
1114 3768 1150 3832 εἰς
1168 3765 1226 3834 τοὺς
1269 3777 1331 3836 sibi,
1348 3773 1391 3825 scd
1408 3775 1566 3838 imperatum
1578 3773 1787 3834 nonjneulsbetnr
1801 3773 2049 3827 interluetentored

451 3858 600 3935 ἀφεστῶτας
613 3853 761 3925 ἀκοντίσας,
775 3857 820 3910 τοῦ
831 3851 921 3918 παιδὸς
944 3843 1042 3931 ίτυχέν,
1063 3852 1131 3911 ἀλλθι
1141 3852 1227 3912 πόντοι
1270 3865 1296 3913 in
1311 3861 1473 3924 incolentium
1483 3861 1594 3922 spinine3
1608 3873 1689 3921 neque
1700 3872 1716 3908 s
1728 3864 1791 3910 neu
1807 3861 1922 3912 rom
1937 3861 2049 3923 incolens

452 3942 530 4022 ὀρθῶς
552 3946 587 4008 ὡς
607 3941 705 4002 ἀπενόει
723 3942 789 4020 δρῦν
810 3931 902 4019 ἔδρασε
927 3939 974 4017 μέν
997 3940 1070 3999 οὐδέν
1093 3939 1226 4018 ἀκούσιον,
1270 3950 1295 3998 in
1312 3948 1429 3998 delentes
1446 3946 1593 4008 detorquens
1609 3959 1712 4008 puerum
1729 3947 1812 4008 teriit,
1824 3947 1867 3998 sed
1884 3951 1952 4000 reete
1965 3951 2049 4000 omnin

402 4029 533 4090 Ιῖἳέπαθι
548 4029 576 4087 δέ
587 4029 753 4094 διακωλυθεὶς
764 4032 809 4085 τοῦ
818 4032 915 4085 σκοποῦ
925 4034 1022 4105 τυχεῖν.
1040 4028 1069 4104 (ει)
1082 4025 1116 4088 ’0
1129 4025 1156 4085 δέ
1166 4031 1227 4092 παῖς
1271 4036 1307 4084 uti
1324 4036 1482 4098 proposuernt
1496 4034 1541 4082 sihi
1557 4046 1691 4095 peregens,
1707 4035 1791 4084 contre
1807 4035 1961 4086 rotuntntern
1976 4049 2049 4088 suern

454 4115 605 4194 βουλόμενος
617 4117 787 4193 προδραμεῖν,
803 4118 849 4172 τοῦ
875 4111 968 4191 χρόνου
990 4113 1140 4192 διαμαρτὼν
1160 4115 1187 4172 ἐν
1204 4105 1228 4194 ᾧ
1271 4123 1327 4173 tecit
1346 4122 1420 4184 nihii,
1436 4133 1521 4171 rerum
1541 4133 1625 4182 pressu
1645 4122 1698 4181 est,
1719 4133 1796 4182 quum
1811 4133 1913 4184 stupore
1931 4124 2050 4186 utrinque

452 4201 594 4280 διατρέχων
608 4203 655 4260 ούκ
671 4201 703 4258 δν
716 4203 749 4258 ἀπ
766 4199 828 4276 ήγη,
842 4197 994 4278 περιέπεσεν
1009 4190 1045 4264 οἷς
1059 4200 1106 4257 ούκ
1125 4198 1226 4272 ἤθελεν,
1271 4209 1444 4272 prohiberetur.
1462 4209 1497 4270 (s)
1509 4210 1571 4256 Puer
1580 4207 1773 4269 inrumpente
1785 4210 1874 4258 meram
1883 4209 2050 4261 transcurrere

452 4287 580 4354 ἀκουσίως
597 4286 624 4346 δί
645 4285 770 4364 ἁμαρτὼν
790 4287 826 4352 είς
843 4284 935 4342 ἑαυτὸν
957 4283 1063 4352 οίκείαις
1085 4295 1228 4366 συμφοραῖς
1270 4296 1367 4358 rolens,
1374 4295 1469 4346 errent
1479 4295 1504 4344 in
1515 4293 1657 4345 emmor
1669 4295 1791 4356 ternpore,
1800 4307 1849 4358 qno
1858 4295 1964 4346 θυσίαισι
1974 4297 2050 4348 dicut

451 4373 593 4455 κέχρηται,
603 4377 650 4445 τῆς
666 4371 689 4430 δ’
703 4371 834 4449 ἀμαρτίας
845 4372 1053 4450 τετιμωρημένος
1067 4370 1157 4431 έαυτθν
1173 4372 1227 4452 ἔχει
1271 4384 1338 4434 rotro
1346 4385 1510 4433 transcurrere
1515 4397 1524 4443 ;
1534 4381 1618 4431 incidit
1627 4382 1709 4443 tuque
1716 4380 1741 4430 in
1756 4381 1847 4430 nrrlum
1858 4382 2049 4434 involuntaria

452 4462 500 4534 τὴν
508 4461 591 4533 δίκην,
597 4462 626 4520 ού
636 4457 815 4536 συνηδομένων
824 4457 873 4534 μὲν
884 4457 941 4517 οὐδὲ
950 4458 1134 4517 συνεθελόντων
1143 4464 1227 4536 ἡμῶν,
1271 4472 1296 4520 et
1311 4470 1402 4520 inritus
1412 4470 1437 4519 in
1448 4471 1523 4519 cenet
1538 4470 1616 4531 ipsum
1626 4481 1728 4530 peccuns
1736 4467 1827 4517 dudem
1841 4469 1911 4518 ἰοιειιι
1919 4471 1964 4520 ribi
1972 4483 2050 4522 ειοεε·

453 4547 649 4627 συναλγούντων
663 4545 689 4606 δὲ
703 4546 749 4606 καῖ
763 4545 989 4622 συλλυπουμένων.
1030 4549 1086 4618 Τῆς
1098 4545 1125 4606 δέ
1140 4549 1227 4627 ἁμαρ·
1270 4557 1342 4617 sirit,
1351 4556 1486 4618 errorisque
1495 4558 1571 4605 seruet
1586 4555 1713 4617 ipseuttos
1729 4553 1796 4604 dedtt
1807 4567 1892 4617 preces
1908 4575 1915 4605 ι
1929 4557 2051 4608 nollemus

424 4639 508 4706 ςτίας
526 4640 562 4704 είς
577 4641 667 4696 τοῦτον
680 4631 794 4706 ἡκούσης
806 4632 835 4692 τὸ
851 4631 924 4712 ίργον
938 4635 987 4714 οὐχ
999 4633 1136 4713 ἡμέτερον,
1158 4634 1227 4693 ἀλλά
1271 4646 1377 4707 tnctnnr,
1393 4643 1552 4705 cuiproteetu
1566 4655 1615 4693 non
1635 4641 1827 4702 iltaetnmur‚red
1844 4643 1925 4706 potius
1946 4645 2050 4707 ingeni·

451 4731 497 4784 τοῦ
510 4721 697 4802 ἰξαμαρτόντος
714 4718 784 4793 ἀστί,
799 4718 829 4778 τό
844 4742 873 4779 τι
886 4720 966 4788 πάθος
986 4720 1079 4788 είςτθν
1095 4719 1228 4800 δρόσαντα
1271 4731 1369 4781 scimus.
1402 4729 1607 4792 Atculpnerroris
1623 4729 1666 4791 qui
1681 4726 1783 4777 exitium
1797 4728 2051 4788 nttutit‚nonnoetrn

452 4813 525 4872 ἀλθδν
544 4816 616 4888 ἡμᾶς
634 4810 682 4889 μίν
697 4807 807 4868 ἀπολύει
824 4812 870 4880 τῆς
888 4808 988 4882 αἰτίας,
1001 4806 1045 4866 τόν
1056 4808 1083 4868 δέ
1095 4808 1228 4888 δράσαντα
1271 4820 1317 4880 est,
1332 4816 1436 4878 cedrino
1450 4817 1494 4878 qui
1507 4814 1628 4865 cummisit
1637 4827 1708 4875 ουτος
1722 4813 1863 4877 nodumque
1880 4816 1905 4864 in
1923 4819 2050 4869 ευιποιοιιι

452 4899 557 4966 δικαίως
567 4899 624 4976 όμα
638 4901 671 4977 τῇ
686 4895 803 5009 ἀμφρτίφ
815 4893 999 4977 τετιμώρηται.
1027 4897 1059 4973 (ε)
1070 4894 1187 4955 ’ἀπολύει
1200 4895 1227 4955 δέ
1272 4904 1380 4954 relabens
1397 4917 1442 4953 nos
1453 4917 1468 4953 ε
1479 4903 1579 4952 crimine
1591 4901 1710 4961 absolvit,
1724 4900 1750 4950 in
1769 4902 1821 4965 ipso
1839 4903 1929 4953 erroris
1945 4905 2050 4954 srttcnto

453 4985 521 5046 καίθ
537 4985 614 5060 νόμας
631 4991 718 5060 ἡμᾶς,
731 5007 754 5062 ιρ
768 4984 908 5060 πιστεύων,
923 4981 1034 5062 είργοντι
1047 4983 1115 5059 μήτε
1132 4983 1228 5050 ἀδίκως
1271 4993 1413 5042 decutere
1429 4989 1703 5054 nutempoenusexegit.
1736 4992 1771 5054 (9)
1785 4990 1835 5042 sed
1848 4991 2051 5053 leanoqnenos

453 5065 519 5142 μήτε
528 5063 633 5130 δικαίως
642 5062 810 5134 ἀποκτείνειν,
819 5064 854 5128 ὥς
863 5061 941 5142 φονέα
949 5084 982 5140 με
992 5059 1087 5123 διώκει.
1100 5061 1168 5122 Ὑπὸ
1179 5062 1226 5138 μὲν
1270 5078 1389 5138 amoreis,
1405 5089 1454 5140 qne
1468 5089 1499 5124 ne
1511 5075 1566 5136 quic
1574 5086 1653 5136 neque
1660 5074 1724 5135 insto
1732 5087 1811 5136 neque
1823 5073 1912 5136 iniuste
1922 5077 2050 5128 οοοᾱοειυτ

452 5150 503 5230 γάρ
516 5154 562 5220 τῆς
576 5151 654 5207 αὐτοῦ
666 5155 712 5207 τοῦ
732 5151 868 5215 τεθνεῶτος
887 5148 1017 5228 ἁμαρτίας
1029 5148 1072 5206 ἀδε
1086 5148 1227 5208 ἀπολύεται
1271 5167 1368 5214 vetante
1379 5165 1437 5214 risus
1446 5163 1486 5212 hic
1494 5161 1568 5212 eaedls
1576 5174 1617 5210 me
1627 5174 1696 5210 reonr
1705 5162 1761 5226 egit
1775 5165 1849 5212 Error
1856 5163 1921 5212 αιὶιιι
1930 5166 2051 5227 perempti

455 5235 521 5315 μηδὲ
538 5233 663 5302 ἀκουσίως
672 5236 824 5294 ἀποκτεῖναι
837 5234 927 5293 αὐτόν·
937 5235 986 5293 ύπθ
996 5233 1023 5294 δὲ
1034 5241 1080 5294 τοῦ
1091 5233 1227 5302 διώκοντος
1270 5253 1347 5301 fliium
1363 5263 1446 5299 meum
1458 5249 1496 5298 ret
1507 5248 1673 5297 involuntaria
1687 5247 1761 5298 τεοῖς
1775 5248 1876 5298 crimino
1890 5250 1992 5312 mmm
2003 5264 2049 5301 ω.

415 5353 440 5392 ro
453 5325 506 5386 οὐδ’
525 5319 725 5398 ἐπικαλούμενος
739 5325 774 5388 ὥς
789 5319 856 5382 ἑκὼν
870 5321 1029 5394 ἀπέκτεινεν,
1044 5323 1139 5403 ἀμφοῖν
1159 5324 1224 5381 ἀπο·
1269 5333 1631 5397 luntariaeeutemeoedisquum
1641 5337 1808 5385 υοεωυοοίυε
1818 5335 1972 5400 quidemst
1982 5341 2048 5387 utro-

452 5411 541 5470 λύεται
556 5415 610 5468 τοῖν
625 5407 807 5485 ἀγκλημάτοιν,
826 5407 888 5483 μήτ’
906 5408 976 5468 ἀκων
999 5409 1060 5486 μήθ’
1072 5407 1139 5467 ίκάιν
1159 5411 1225 5467 ἀπο·
1269 5424 1427 5488 quaesierim
1441 5423 1584 5472 absolvitur.
1619 5421 1667 5484 (ιο)
1679 5422 1757 5484 culpe
1773 5421 1855 5484 itsqne
1866 5424 1937 5473 vocet
1950 5426 2048 5476 eterni

452 5507 561 5559 κτεῖναι.
591 5495 634 5578 (ιο)
648 5494 831 5572 Ἀπολυόμενος
842 5495 869 5555 di
883 5495 934 5556 ύπό
944 5519 972 5556 τι
985 5501 1032 5568 τῆς
1041 5496 1162 5568 ἀληθείας
1173 5499 1225 5556 τῶν
1270 5510 1483 5576 φωισιοεὶίειεεί
1494 5523 1509 5559 c
1521 5509 1783 5573 logistonnuh,cuius
1793 5508 1895 5560 obtentu
1906 5513 2046 5562 remur.
