4875 6634
909 1147 1377 1293 PRAEFATIO.

492 1863 682 1953 Oratorum
700 1881 896 1951 Atticorum
911 1881 1085 1970 collectio,
1105 1905 1200 1978 quae,
1217 1883 1388 1977 sejunctis
1403 1885 1516 1981 copiis
1529 1885 1834 1972 Demosthenicis,

444 2005 568 2100 priscae
589 2015 823 2072 monumenta
841 2003 1053 2098 eloquentiae
1066 2005 1102 2074 in
1120 2029 1236 2075 unum
1249 2007 1352 2102 quasi
1375 2029 1507 2103 corpus
1527 2008 1727 2104 composita
1749 2031 1835 2105 prae·

446 2125 561 2212 beret,
579 2121 675 2221 apud
696 2122 817 2194 Gallos
840 2122 1028 2220 hucusque
1044 2127 1151 2198 unica
1168 2127 1228 2197 illa
1242 2127 1317 2198 sola
1335 2127 1512 2216 exstabat,
1535 2152 1645 2226 quam
1660 2129 1835 2200 Henricus

445 2246 646 2343 Stephanus
664 2269 762 2316 anno
778 2247 972 2316 MDLXXV
991 2247 1085 2342 typis
1100 2247 1328 2319 nitidissimis
1342 2251 1478 2320 curavit
1495 2249 1751 2321 excudendam.
1765 2253 1835 2320 Cu·

442 2371 501 2464 jus
516 2369 582 2438 viri
601 2366 822 2438 celeberrimi
838 2381 919 2463 post
935 2369 1000 2437 tria
1016 2367 1087 2438 sere
1102 2369 1221 2440 secula
1233 2395 1416 2442 successor
1430 2371 1651 2469 aemulusque
1660 2377 1835 2443 Franrrrus

445 2495 578 2577 Drnor,
593 2487 776 2585 publicam
789 2487 979 2560 utilitatem
1001 2487 1202 2560 commodis
1216 2489 1291 2559 suis
1311 2490 1459 2585 privatis
1478 2503 1720 2586 anteponens,
1737 2516 1835 2563 nunc

447 2635 575 2682 novam
593 2610 729 2682 hancce
752 2624 934 2681 oratorum
958 2609 1175 2695 editionem,
1203 2607 1350 2680 duobus
1374 2609 1619 2681 voluminibus
1645 2610 1834 2682 absolven-

447 2731 541 2819 dam,
553 2731 855 2828 eloquentissimis
871 2731 945 2801 suis
957 2730 1097 2802 civibus
1115 2729 1229 2800 ollert.
1249 2734 1298 2800 he
1314 2731 1473 2827 primum
1487 2729 1635 2826 quidem
1647 2730 1832 2820 volumen,

448 2852 545 2949 quod
555 2853 626 2948 jam
642 2855 680 2924 in
703 2852 889 2951 publicum
907 2853 1043 2949 prodit,
1056 2854 1237 2924 orationes
1252 2853 1414 2922 continet
1439 2851 1694 2949 Antiphontis,
1713 2853 1834 2925 Ando-

449 2971 552 3058 cidis,
567 2975 692 3068 Lysim,
708 2975 782 3044 Isaei
799 2986 835 3043 et
854 2973 1017 3044 isocratis
1034 2999 1042 3041 :
1058 2973 1211 3043 alterum
1225 2997 1326 3062 vero,
1346 2999 1429 3044 mox
1445 2972 1554 3062 illud,
1571 2975 1624 3045 uti
1639 2999 1834 3071 speramus,

446 3092 740 3182 subsecuturum,
768 3109 894 3191 praeter
915 3093 1072 3190 reliquos
1100 3109 1258 3165 oratores
1277 3094 1431 3166 decuriae
1456 3096 1592 3184 attiae,
1614 3101 1835 3191 Lycurgum,

445 3216 646 3288 AEschinem
665 3233 700 3288 et
720 3218 962 3306 Dinarchum,
986 3217 1265 3289 declamationes
1291 3215 1551 3312 complectetur
1575 3214 1834 3313 sophistarum,

444 3363 535 3435 quos
550 3353 697 3426 vocant,
721 3341 877 3437 Gorgiae,
902 3338 1144 3428 Antisthenis,
1172 3338 1420 3424 Lesbonactis,
1441 3337 1663 3424 Polemonis,
1685 3337 1836 3409 Herodis

446 3462 565 3549 atrici,
577 3460 841 3532 Alcidamantis.
863 3462 926 3532 His
944 3460 1088 3550 deinde,
1105 3477 1289 3557 tamquam
1313 3458 1607 3556 supplementum
1627 3483 1836 3556 novumque

444 3581 554 3676 hujus
576 3581 747 3654 editionis
759 3598 1024 3668 ornamentum,
1047 3581 1218 3654 accedent
1237 3582 1443 3652 orationum
1466 3579 1734 3676 deperditarum
1754 3581 1836 3650 reli·

445 3705 554 3799 quiae,
576 3728 654 3801 quae
677 3729 741 3800 per
766 3719 926 3774 veterum
957 3705 1087 3799 scripta
1114 3703 1285 3800 dispersae
1314 3701 1542 3772 delitescunt.
1570 3700 1836 3795 Subjungemus

446 3823 616 3920 deinceps
634 3839 711 3895 tum
730 3824 871 3894 minora
888 3839 979 3921 quot
996 3838 1189 3921 supersunt
1209 3825 1248 3893 in
1274 3821 1557 3894 Demosthenem
1576 3837 1610 3894 et
1629 3823 1832 3892 AEschinem

449 3941 597 4031 scholia,
620 3958 699 4015 tum
725 3969 810 4014 vero
838 3944 979 4040 Ulpiani
999 3946 1037 4015 in
1062 3946 1243 4016 orationes
1267 3943 1522 4015 Demosthenis
1537 3944 1833 4029 commentarios,

446 4089 600 4159 quorum
623 4089 751 4137 noram
782 4065 980 4136 editionem
1003 4081 1104 4138 tanto
1125 4067 1316 4162 gratiorem
1329 4065 1416 4136 viris
1442 4065 1591 4135 literatis
1614 4064 1688 4135 sore
1715 4089 1834 4161 spera·

446 4206 545 4274 mus,
567 4198 703 4280 quanto
721 4183 834 4278 major
852 4185 889 4254 in
912 4199 1008 4256 tanta
1035 4187 1154 4282 operis
1175 4163 1327 4257 utilitate
1357 4184 1603 4283 exemplorum
1620 4201 1675 4256 est
1699 4188 1833 4256 raritas.

445 4305 580 4400 Spretis
598 4303 755 4402 denique
771 4306 919 4376 minutis
941 4306 1017 4377 istis
1033 4307 1213 4396 indiculis,
1233 4332 1324 4405 quos
1339 4307 1521 4405 prioribus
1539 4307 1761 4378 editionibus
1776 4309 1835 4379 ad·

446 4449 586 4521 spersos
599 4425 728 4514 habes,
747 4449 866 4498 rerum
882 4427 1145 4526 nominumque
1159 4431 1344 4515 omnium,
1361 4455 1441 4527 quae
1455 4453 1521 4527 per
1532 4429 1606 4500 duo
1623 4442 1744 4500 nostra
1761 4454 1835 4499 ora-

449 4545 589 4616 tionum
616 4546 909 4644 scholiorumque
927 4550 1110 4622 volumina
1136 4567 1478 4640 commemorantur,
1505 4549 1646 4622 tabulas
1663 4567 1775 4622 novas
1800 4567 1832 4620 et

447 4665 743 4764 locupletissimas
764 4693 1037 4767 componemus.

492 4793 569 4860 lam
591 4805 630 4862 ut
652 4789 697 4861 de
711 4791 850 4862 ratione
869 4793 1000 4888 prioris
1017 4792 1127 4888 hujus
1150 4794 1345 4864 voluminis
1372 4793 1573 4864 accuratius
1595 4790 1730 4878 dicam,
1757 4788 1832 4860 lieri

447 4911 598 4980 omnino
619 4935 693 4981 non
706 4915 836 5007 potuit,
851 4912 940 5008 quin
956 4935 1151 5008 graeeorum
1166 4915 1361 4987 verborum
1375 4929 1565 4986 contextus
1575 4914 1834 5009 exprimeretur

447 5029 645 5126 secundum
660 5033 906 5104 recensionem
919 5033 1246 5130 diligentissimam,
1264 5058 1373 5131 quam
1389 5048 1473 5130 post
1492 5031 1690 5103 Belrlterttm
1707 5030 1834 5102 duum-

447 5153 511 5222 viri
522 5151 914 5242 doctissimi,Barrenus
927 5171 962 5226 et
976 5159 1160 5242 Sauerrus,
1175 5155 1379 5249 conjunctis
1392 5155 1740 5227 cur-isinstitrterunt.
1762 5157 1834 5224 Iso·

445 5275 530 5344 crati
545 5289 714 5371 practerea
720 5277 869 5372 contigit
877 5290 917 5346 ut
931 5277 1037 5347 etiam
1056 5271 1208 5373 δευτέραις
1223 5279 1372 5374 φροντίσιν
1386 5279 1424 5348 in
1438 5301 1544 5348 usum
1558 5276 1707 5346 Firmini
1723 5275 1834 5348 Didot

444 5419 463 5463 a
484 5394 621 5467 Baitero
645 5413 957 5494 recognosceretur
980 5396 1095 5494 (Vide
1118 5395 1363 5494 prelationem
1385 5421 1465 5495 quae
1488 5397 1636 5470 Isocrati
1658 5395 1732 5491 jam
1751 5413 1833 5468 ante

444 5537 581 5584 annum
597 5518 786 5612 separatim
810 5517 848 5587 in
863 5515 1050 5614 publicum
1067 5517 1198 5588 emisso
1208 5515 1348 5614 praelixa
1360 5519 1446 5612 est).
1461 5516 1601 5603 Quodsi
1613 5541 1698 5588 vero
1712 5515 1758 5587 ab
1766 5515 1833 5587 hac

1144 5657 1155 5700 r
