4875 6634
829 393 939 488 σιν,
967 409 1004 482 ἢ
1034 408 1465 487 ἀπολογουμένων
1494 408 1567 486 μὴ
1594 411 1927 483 ἐθελήσαντες
1951 418 2197 489 ἀκοῦσαι,
2225 441 2390 479 κατα-

737 521 810 562 25
835 497 1191 579 ψηφισάμενοι
1219 498 1321 554 τῶν
1349 496 1587 576 ἐσχάτων
1610 500 1915 577 τιμήσαιτε,
1946 504 2038 561 οὐκ
2067 502 2129 561 ἂν
2155 506 2392 584 ἀκρίτους

840 582 1022 649 αὐτοὺς
1051 582 1406 660 ἀπολωλέναι,
1442 582 1577 641 ἀλλὰ
1609 582 1705 655 τὴν
1736 588 2098 665 προσήκουσαν
2124 590 2271 663 δίκην
2299 593 2388 650 δε-

838 670 1081 732 δωκέναι.
1165 672 1247 731 Οὔ
1269 670 1371 750 γὰρ
1398 661 1535 729 οὗτοι
1560 671 1759 750 ἄκριτοί
1776 676 1905 746 εἰσι,
1923 675 2042 754 περὶ
2064 667 2135 733 ὧν
2160 676 2223 734 ἀν
2246 679 2391 755 ὑμεῖς

838 758 1026 826 εἰδότες
1052 757 1120 816 τὰ
1146 756 1447 836 πραχθέντα
1484 758 1781 838 ψηφίσησθε
1796 804 1814 836 ,
1840 762 1955 818 ἀλλ’
1980 758 2159 827 οἵτινες
2196 761 2259 820 ἂν
2287 762 2389 822 ὑπὸ

836 849 941 904 τῶν
957 849 1155 925 ἐχθρῶν
1176 844 1532 915 διαὸληθέντες
1548 845 1669 923 περὶ
1686 837 1759 904 ὧν
1783 850 1929 922 ὑμεῖς
1953 844 2026 924 μὴ
2045 847 2178 926 ἴστε,
2199 849 2390 928 ἀκροά-

837 957 971 999 σεως
999 930 1073 1010 μὴ
1099 931 1317 1010 τύχωσι.
1379 931 1594 991 Τούτων
1619 931 1672 990 δὲ
1700 932 1765 991 τὰ
1790 934 1883 1009 μὲν
1908 933 2196 1013 πράγματα
2223 958 2386 1009 κατη-

836 1022 1009 1101 γορεῖ,
1050 1023 1202 1095 ἡμεῖς
1230 1015 1284 1076 δὲ
1310 1024 1844 1098 καταμαρτυροῦμεν·
1926 1021 1992 1097 (ο)
2022 1022 2114 1079 καὶ
2150 1024 2209 1079 οὗ
2238 1027 2388 1082 τοῦτο

743 1129 808 1171 80
836 1107 1073 1183 δέδοικα,
1110 1109 1178 1171 ὡς
1216 1103 1305 1163 ἐὰν
1335 1107 1593 1182 ἀκροᾶσθε
1629 1108 1796 1163 αὐτῶν
1835 1111 2236 1188 ἀποψηφιεῖσθε·
2268 1110 2386 1167 ἀλλ’

834 1196 930 1255 οὐκ
952 1192 1017 1252 διν
1034 1198 1262 1270 ἠγοῦμαι
1286 1191 1468 1258 αὖτοὺς
1485 1191 1631 1263 δίκην
1651 1190 1798 1260 ἀξίαν
1817 1194 2114 1272 δεδωκέναι,
2141 1198 2185 1254 εἰ
2205 1199 2390 1277 ἀκροα-

836 1281 1054 1357 σάμενοι
1091 1281 1261 1337 αὐτῶν
1298 1276 1772 1356 καταψηφίσαισθε.
1841 1283 1963 1347 Πῶς
1990 1281 2119 1361 γάρ,
2138 1273 2182 1341 ὦ
2206 1283 2386 1364 ἄνδρες

834 1366 1106 1437 δικασταί,
1131 1356 1203 1432 οἷς
1233 1364 1351 1424 οὐδὲ
1372 1363 1535 1423 ταύτὰ
1563 1365 1653 1422 καὶ
1682 1368 1803 1442 ὑμῖν
1826 1371 2105 1448 συμφέρει;
2132 1360 2269 1427 οὗτοι
2292 1370 2386 1448 μὲν

833 1455 939 1534 γὰρ
976 1456 1029 1512 ἐν
1054 1456 1130 1531 τῷ
1157 1450 1375 1531 πολέμῳ
1411 1453 1469 1509 ἐκ
1492 1450 1730 1522 πενήτων
1756 1453 1994 1512 πλούσιοι
2021 1452 2289 1532 γεγόνασιν
2327 1461 2386 1517 ἐκ

833 1544 942 1599 τῶν
952 1539 1235 1619 ὑμετέρων,
1255 1542 1401 1614 ὑμεῖς
1419 1537 1475 1596 δὲ
1487 1536 1574 1596 διὰ
1589 1536 1798 1605 τούτους
1819 1539 2047 1612 πένητες.
2129 1542 2226 1622 (10)
2251 1545 2385 1603 Καί.

828 1648 913 1685 τοι
934 1627 991 1684 οὔ
1019 1630 1186 1684 ταῦτα
1220 1625 1425 1701 ἀγαθῶν
1451 1624 1782 1702 δημαγωγῶν
1809 1628 1948 1699 ἐστι,
1980 1625 2048 1686 τὰ
2073 1629 2298 1709 ὑμέτερα
2328 1633 2383 1689 ἐν

832 1715 947 1778 ταῖς
969 1708 1239 1791 ὑμετέραις
1271 1717 1557 1790 συμφοραῖς
1583 1710 1894 1788 λαμὸάνειν,
1922 1711 2058 1771 ἀλλὰ
2089 1714 2157 1774 τὰ
2183 1721 2383 1776 ἑαυτῶν

744 1814 802 1853 aa
832 1798 955 1873 ὑμῖν
983 1797 1195 1856 διδόναι.
1280 1796 1387 1855 Καὶ
1415 1796 1515 1874 γάρ
1542 1819 1622 1854 τοι
1650 1799 1721 1865 εἰς
1738 1804 1977 1857 τοσοῦτον
2013 1800 2228 1878 ἥκομεν,
2255 1801 2378 1863 ὥσθ’

829 1883 881 1942 οἳ
919 1883 1165 1963 πρότερον
1190 1885 1241 1941 ἐν
1276 1887 1339 1962 τῇ
1381 1882 1557 1963 εἰρήνῃ
1598 1882 1717 1942 οὐδὲ
1762 1894 1893 1961 σφᾶς
1926 1886 2106 1953 αὐτοὺς
2142 1889 2383 1949 ἐδύναντο

826 1970 1052 2049 τρέφειν,
1088 1974 1175 2027 νῦν
1205 1972 1323 2045 ὑμῖν
1367 1967 1604 2047 εἰσφορὰς
1644 1969 1931 2051 εἰσφέρουσι
1970 1971 2059 2030 καὶ
2097 1982 2383 2055 χορηγοῦσι

826 2057 920 2116 καὶ
946 2056 1106 2122 οἰκίας
1126 2056 1356 2134 μεγάλας
1379 2058 1599 2115 οἰκοῦσι.
1700 2060 1785 2136 (ιι)
1815 2057 2002 2118 Καίτοι
2026 2060 2217 2140 ἑτέροις
2238 2066 2381 2138 ὑμεῖς

828 2143 966 2202 ἔστιν
986 2143 1071 2201 ὅτε
1094 2143 1161 2202 τὰ
1180 2146 1398 2223 πατρὶξὶα
1432 2142 1765 2218 κεκτημένοις
1786 2150 1951 2204 ταῦτα
1974 2152 2206 2205 ποιοῦσιν
2235 2150 2382 2230 ἕφθο·

828 2236 988 2289 νεῖτε·
1022 2236 1108 2288 νῦν
1134 2230 1175 2287 δ’
1206 2228 1364 2296 οὕτως
1390 2234 1424 2300 ἡ
1452 2230 1602 2298 πόλις
1628 2231 1914 2309 διάκειται,
1944 2232 2080 2292 ὥστε
2110 2235 2282 2293 οὐκέτι
2308 2228 2380 2295 ὧν

828 2311 969 2378 οὗτοι
992 2317 1296 2377 κλέπτουσιν
1339 2319 1621 2397 ὀργίζεσθε,
1654 2320 1770 2378 ἀλλ’
1812 2311 1884 2378 ὧν
1913 2321 2059 2380 αὐτοὶ
2085 2321 2378 2400 λαμὸοίνετε

741 2433 800 2471 ⁴0
825 2407 982 2486 χάριν
996 2406 1105 2463 ἴστε
1119 2450 1134 2478 ,
1152 2404 1327 2483 ὥσπερ
1348 2409 1492 2481 ὑμεῖς
1510 2404 1577 2464 τὰ
1589 2405 1783 2465 τούτων
1803 2412 2242 2489 μισθοφοροῦντες,
2258 2412 2377 2470 ἀλλ’

823 2496 884 2551 οὗ
905 2492 1099 2551 τούτων
1114 2492 1182 2550 τὰ
1204 2492 1427 2571 ὑμέτερα
1447 2492 1791 2555 κλεπτόντων.
1878 2495 1966 2574 (12)
1993 2496 2072 2555 Τὸ
2093 2494 2147 2554 δὲ
2168 2498 2377 2557 πάντων

824 2579 1260 2660 ὑπερφυέστατον,
1280 2578 1359 2636 ὅτι
1380 2581 1433 2636 ἐν
1456 2579 1547 2655 μὲν
1566 2581 1673 2645 τοῖς
1700 2578 1844 2646 ἰδίοις
1865 2583 1913 2638 οἱ
1937 2580 2263 2659 ἀδικούμενοι
2287 2586 2378 2641 δα-

822 2666 1034 2746 κρύουσι
1060 2665 1152 2724 καὶ
1181 2664 1390 2723 ἐλεεινοί
1419 2668 1564 2737 εἰσιν,
1594 2669 1645 2724 ἐν
1674 2664 1728 2725 δὲ
1755 2667 1859 2732 τοῖς
1898 2668 2163 2745 δημοσίοις
2189 2674 2235 2728 οἰ
2281 2672 2375 2747 μὲν

824 2756 1118 2819 ἀδικοῦντες
1146 2750 1382 2824 ἐλεεινοί,
1401 2755 1545 2827 ὑμεῖς
1567 2754 1613 2809 δ’
1630 2755 1678 2810 οἱ
1698 2751 2024 2829 ἀδικούμενοι
2048 2757 2258 2817 ἐλεεῖτε.
2280 2758 2370 2816 καὶ

821 2845 910 2897 νῦν
935 2837 1058 2905 ἴσως
1078 2837 1380 2909 ποιήσουσιν
1403 2836 1536 2917 ἅπερ
1554 2838 1643 2896 καὶ
1662 2840 1908 2919 πρότερον
1926 2831 2060 2911 ἦσαν
2082 2843 2373 2919 εἰθισμένοι,

822 2926 914 2985 καὶ
951 2925 1175 3002 δημόται
1211 2925 1299 2983 καὶ
1328 2923 1467 3003 φίλοι
1511 2925 1774 2992 κλαίοντες
1802 2926 2155 2995 ἐξαιτήσονται
2191 2931 2373 2997 αὐτοὺς

822 3019 950 3095 παρ’
978 3020 1137 3090 ὑμῶν.
1168 3013 1258 3094 (ta)
1283 3011 1483 3090 Ἐγὼδ
1503 3012 1664 3079 οὕτως
1679 3015 1803 3083 ἀξιῶ
1818 3014 2071 3091 γενέσθαι·
2091 3018 2136 3073 εἰ
2158 3016 2251 3093 μὲν
2268 3019 2374 3076 ἀδι-

716 3110 932 3161 179κεῖν
960 3100 1169 3165 τούτους
1199 3100 1358 3175 μηδὲν
1385 3098 1697 3174 νομίζουσιν,
1723 3100 2092 3169 ἀποδείξαντας
2118 3105 2187 3168 ὡς
2208 3106 2371 3182 ψευδῆ

823 3189 889 3247 τὰ
915 3186 1344 3267 κατηγορημένα,
1369 3184 1505 3243 οὕτω
1530 3186 1723 3244 πείθειν
1754 3192 1888 3263 ὑμᾶς
1922 3187 2370 3268 ἀποψηφίσασθαι·

822 3279 868 3335 εἰ
891 3275 945 3333 δὲ
963 3276 1265 3353 νομίσαντες
1282 3274 1477 3331 ἀδικεῖν
1498 3272 1798 3344 αἰτήσονται
1812 3318 1830 3350 ,
1849 3276 2004 3345 δῆλον
2028 3274 2109 3332 ὅτι
2125 3283 2230 3342 τοῖς
2258 3278 2370 3334 ἀδι·

819 3368 997 3423 κοῦσιν
1022 3359 1338 3439 εὖνούστεροί
1362 3362 1489 3418 εἰσιν
1507 3358 1542 3429 ἢ
1567 3362 1687 3435 ὑμῖν
1707 3368 1813 3426 τοῖς
1836 3360 2218 3438 ἀδικουμένοις,
2244 3360 2372 3420 ὥστ’

821 3453 880 3509 οὗ
908 3448 1120 3529 γᾶριτος
1148 3447 1280 3516 ἄξιοι
1316 3455 1491 3525 τυχεῖν
1524 3446 1663 3505 ἀλλὰ
1686 3445 1969 3526 τιμωρίας,
2005 3446 2201 3506 ὁπόταν
2228 3450 2374 3523 ὑμεῖς

821 3514 1057 3608 δύνησθε.
1146 3537 1232 3611 (ιε)
1257 3532 1383 3593 Ἔτι
1417 3532 1471 3591 δὲ
1507 3532 1624 3599 τοὺς
1664 3532 1847 3601 αὐτοὺς
1878 3538 2116 3611 ἡγεῖσθαι
2143 3530 2246 3614 χρὴ
2281 3535 2372 3593 καὶ

754 3644 781 3682 a
822 3626 923 3681 τῶν
946 3622 1246 3702 κατηγόρων
1272 3621 1470 3702 σφόδρα
1494 3621 1794 3692 δεήσεσθαι,
1818 3620 2113 3697 νομίζοντας
2138 3620 2272 3679 πολὺ
2306 3619 2370 3679 ἂν

820 3716 1003 3770 θᾶττον
1026 3710 1149 3790 παρ’
1172 3711 1326 3786 ἡμῶν
1344 3706 1531 3783 ὀλίγων
1546 3706 1707 3766 ὄντων
1724 3706 1918 3778 ταύτην
1937 3705 2033 3777 τὴν
2056 3706 2211 3786 χάριν
2235 3709 2370 3781 λαμ·

822 3797 995 3856 edum
1026 3798 1057 3867 ἢ
1080 3797 1206 3875 παρ’
1239 3798 1402 3871 ὑμῶν,
1431 3792 1507 3852 ἔτι
1539 3793 1594 3851 δὲ
1627 3796 1749 3875 ῥᾷον
1775 3793 1960 3859 ἄλλους
1985 3792 2127 3860 τινὰς
2151 3791 2217 3850 τὰ
2239 3792 2369 3869 ὑμέ-

816 3908 943 3964 τερα
974 3883 1411 3962 καταχαρίζεσθαι
1441 3879 1476 3950 ἢ
1506 3884 1642 3956 ὑμᾶς
1671 3879 1857 3946 αὐτούς
1887 3903 1966 3957 γε.
2050 3881 2143 3957 (ιο)
2183 3880 2368 3956 Ἡμεῖς

819 3973 918 4049 μὲν
931 3972 1102 4031 τοίνυν
1119 3973 1211 4028 οὗκ
1232 3967 1561 4044 ἠθελήσαμεν
1582 3969 1887 4047 προδοῦναι,
1911 3964 2150 4042 ἀξιοῦμεν
2168 3965 2221 4024 δὲ
2243 3968 2368 4042 μηδ’

817 4063 981 4137 ὑμᾶς,
1006 4056 1405 4134 ἐνθυμουμένους
1424 4055 1503 4114 ὅτι
1532 4054 1709 4135 σφόδρ’
1741 4054 1805 4113 ἂν
1829 4054 1953 4128 ἡμῖν
1979 4052 2254 4131 ὠργίζεσθε
2276 4054 2367 4114 καὶ

816 4149 1172 4226 ἐτιμωρεῖσθε,
1185 4143 1313 4203 ὅπου
1326 4142 1746 4221 παρεπίπτομεν,
1766 4144 1835 4206 ὥς
1848 4139 1981 4206 εἰκὸς
1996 4137 2115 4206 τοὺς
2133 4141 2367 4198 ἀδικοῦν·

738 4251 789 4290 ιο
811 4257 933 4307 τας,
959 4236 1003 4292 εἰ
1021 4238 1173 4309 ἡμεῖς
1194 4230 1340 4312 παρὰ
1358 4228 1552 4288 τούτων
1572 4228 1607 4299 ἢ
1628 4227 1879 4307 χρήματα
1899 4225 2143 4292 λαὸόντες
2164 4226 2198 4297 ἢ
2223 4226 2367 4306 ἄλλῳ

812 4322 913 4379 τινὶ
944 4320 1121 4401 τρόπῳ
1154 4317 1532 4393 διηλλάγημεν.
1614 4315 1802 4377 Καίτοι
1842 4316 1887 4374 εἰ
1913 4323 2018 4381 τοῖς
2050 4313 2124 4391 μὴ
2160 4316 2369 4382 δικαίως

812 4407 1097 4476 ἱπεξιοῦσιν
1138 4405 1431 4486 ὀργίζεσθε,
1462 4396 1497 4475 ἦ
1534 4425 1634 4462 που
1662 4402 1860 4484 σφόδρα
1892 4402 1999 4482 χρὴ
2033 4401 2214 4468 αὖτοὺς
2250 4402 2366 4469 τοὺς

812 4498 1114 4560 ἀδικοῦντας
1129 4493 1491 4572 τιμωρεῖσθαι.
1576 4492 1665 4568 (1⁶)
1688 4494 1798 4551 Νῦν
1816 4488 2004 4563 τοίνυν,
2025 4478 2071 4546 ὦ
2090 4487 2270 4567 ἄνδρες
2286 4489 2360 4545 δι·

810 4584 1030 4655 κασταί,
1070 4579 1558 4661 καταψηφισάμενοι
1599 4576 1942 4658 Ἐπικράτους
1980 4579 2084 4633 τῶν
2126 4574 2364 4652 ἐσχάτων

810 4670 1097 4746 τιμήσατε,
1115 4668 1206 4726 καὶ
1231 4667 1335 4743 μή,
1357 4665 1536 4744 ὥσπερ
1555 4668 1609 4723 ἐν
1635 4669 1712 4745 τῷ
1733 4664 1858 4730 τέως
1882 4662 2053 4743 χρόνῳ
2085 4658 2364 4736 εἰθισμένοι

813 4756 960 4829 ἐστι’,
992 4754 1201 4815 ἕπειδάν
1233 4751 1727 4834 καταψηφισάμενοι
1763 4749 2059 4822 ἐξελέγξητε
2101 4747 2217 4814 τοὺς
2247 4748 2361 4807 ἅδι-

810 4848 1059 4919 κοῦντας,
1081 4844 1136 4900 ἂν
1167 4844 1244 4921 τῷ
1268 4840 1532 4918 τιμήματι
1562 4836 1811 4915 ἀζημίους
1833 4836 2039 4917 ἀφίετε,
2064 4833 2277 4913 ἔχθραν,
2303 4834 2363 4889 οὗ

737 4943 785 4981 lb
812 4928 963 4998 δίκην
996 4926 1143 5007 παρὰ
1178 4931 1281 4986 τῶν
1311 4926 1621 4986 ἀδικούντων
1654 4922 2037 5000 λαμὸἄνοντες,
2064 4920 2242 5000 ὥσπερ
2269 4923 2362 4978 τοῦ

816 5015 1053 5089 ὀνείδους,
1077 5017 1193 5075 ἀλλ’
1214 5017 1273 5073 οὔ
1293 5019 1383 5086 τῆς
1405 5014 1594 5091 ζημίας
1610 5012 1779 5079 αὐτοῖς
1802 5010 1979 5087 μέλον,
2002 5000 2058 5069 εῧ
2077 5008 2265 5075 εἰδότες
2282 5005 2361 5067 ὅτι

491 5263 967 5536 Μῄμὲ

2478 434 2716 496 supplicio
2741 437 3022 504 affeceritis,
3055 457 3137 494 eos
3163 446 3449 507 injudicatos
3472 453 3689 516 periisse,
3724 457 3806 507 sed
3838 463 4034 512 merim

2478 539 2644 588 peenas
2663 532 2875 583 subiisoe.
2899 536 3008 585 Non
3025 539 3153 588 enim
3171 540 3205 589 ii
3223 540 3471 602 iniudicati
3489 545 3650 597 haberi
3671 555 3898 613 possunt,
3915 569 4032 618 quo·

2479 634 2588 670 rum
2608 623 2795 687 flagitiis
2816 631 3107 692 compertis,
3132 646 3220 683 vos
3254 637 3387 685 tertis
3410 642 3722 705 sententiam,
3747 646 3831 695 sed
3861 650 3945 710 qui
3971 651 4034 699 ab

2477 714 2680 768 inimicis
2713 720 2927 772 inthmati
2959 724 3023 775 de
3046 727 3191 777 rebus
3223 743 3343 791 quas
3365 745 3460 782 non
3484 737 3709 798 novistis,
3737 739 3798 788 ad
3837 753 4032 793 causam

2477 807 2728 861 dicendam
2744 826 2839 863 non
2861 815 3194 871 admittantur.
3218 825 3342 873 Istos
3358 837 3473 875 vero
3493 828 3607 890 ipsae
3626 843 3700 880 res
3718 833 3863 894 gesta
3882 848 4030 885 accu-

2477 904 2611 965 sant,
2633 918 2722 956 nos
2739 906 2978 960 duntaxat
2994 914 3322 968 testimonium
3343 917 3560 971 dicimus.
3614 923 3682 986 (9)
3706 929 3870 990 Neque
3886 930 3934 979 id
3953 943 4030 981 ve·

2477 1011 2584 1048 reor
2603 1013 2681 1061 ne,
2695 1001 2734 1049 si
2749 1002 2864 1054 istos
2880 1006 3102 1070 audiatis,
3119 1009 3376 1063 absolvatis
3385 1030 3402 1076 3
3421 1028 3591 1067 verum
3609 1020 3777 1082 opinor
3792 1023 3914 1085 ipsos
3931 1039 4029 1077 non

2476 1094 2758 1155 satisJustas
2782 1111 2948 1160 poenas
2963 1102 3232 1169 subituros,
3261 1108 3300 1157 si
3323 1109 3450 1161 dicta
3478 1126 3622 1164 causa
3645 1118 4028 1172 condemnaveri-

2475 1186 2553 1235 tis.
2619 1191 2872 1248 Quomodo
2889 1195 3017 1245 enim
3030 1233 3045 1258 ,
3060 1197 3269 1263 iudices,
3294 1216 3389 1253 non
3404 1206 3533 1267 Juste
3552 1210 3834 1271 punirentur
3853 1215 4029 1277 quibus

2476 1295 2574 1332 non
2592 1284 2718 1334 idem
2737 1288 2870 1349 quod
2886 1290 3023 1341 vobis
3040 1294 3264 1356 expedit?
3279 1299 3362 1347 Isti
3379 1301 3556 1364 quippe
3575 1304 3623 1352 ln
3641 1304 3769 1357 bello
3786 1321 3847 1357 ex
3871 1312 4028 1372 egenis

2474 1376 2648 1430 divites
2668 1385 2781 1430 sunt
2803 1382 2916 1433 sacti
2943 1397 3002 1434 ex
3037 1388 3206 1437 vestris
3232 1389 3490 1453 redItibus3
3527 1408 3612 1445 vos
3634 1400 3796 1449 autem
3831 1407 4027 1465 propter

2474 1470 2615 1532 istos,
2641 1474 2792 1535 egeni.
2855 1477 2952 1537 (ιο)
2978 1478 3038 1527 At
3063 1479 3190 1529 enim
3212 1494 3308 1531 non
3328 1483 3420 1533 hoc
3441 1487 3512 1535 est
3538 1489 3830 1550 optimorum
3863 1498 4027 1557 populi

2474 1562 2683 1626 ducum,
2709 1567 2758 1616 in
2792 1569 2964 1619 vestris
2989 1570 3340 1624 calamitatibus
3369 1579 3528 1628 vestra
3559 1583 3819 1646 surripere,
3851 1599 4025 1639 verum

2475 1668 2563 1705 sua
2581 1657 2717 1706 vobis
2737 1657 2994 1720 impertire.
3018 1663 3189 1725 ltaque
3211 1663 3262 1713 in
3289 1666 3337 1715 id
3362 1667 3646 1731 recidimus,
3670 1674 3825 1737 utqui
3843 1676 3957 1725 olim
3976 1679 4025 1727 in

2474 1763 2590 1812 pace
2613 1764 2666 1801 se
2680 1752 2810 1815 ipsos
2826 1753 2956 1804 alere
2973 1757 3321 1820 nequiverunt,
3341 1774 3473 1811 nunc
3494 1763 3674 1814 tributa
3691 1767 3829 1819 vobis
3846 1772 4027 1831 persol-

2475 1846 2615 1906 vant,
2635 1844 2878 1909 chor-egias
2902 1853 3183 1910 exerceant,
3200 1852 3384 1916 amplas
3399 1853 3570 1906 domos
3591 1858 3877 1919 possideant.
3926 1866 4025 1927 (ιι)

2474 1937 2698 1988 Attamen
2717 1942 2821 1989 erat
2843 1940 2925 1989 ubi
2953 1942 3226 1995 invideretis
3243 1946 3314 1995 eis
3332 1960 3360 1996 e
3378 1950 3537 1998 vestro
3552 1963 3756 2002 numero
3777 1956 3861 2016 qui
3889 1955 4025 2008 bonis

2470 2030 2635 2092 patriis
2653 2032 2862 2083 fruentes
2886 2035 2951 2083 ita
2975 2039 3194 2097 agerent;
3220 2051 3348 2087 nunc
3371 2039 3438 2089 ita
3465 2046 3739 2105 comparata
3759 2047 3830 2096 est
3853 2061 4021 2111 respu-

2468 2123 2622 2186 blica,
2642 2127 2698 2175 ut
2728 2139 2823 2175 non
2846 2130 3049 2191 amplius
3077 2130 3143 2180 ob
3172 2145 3226 2180 ea
3250 2146 3360 2195 quoe
3382 2133 3460 2184 isti
3485 2138 3709 2188 auferunt
3743 2152 4021 2191 succensea-

2469 2216 2530 2267 tis
2542 2254 2557 2278 ,
2576 2218 2659 2268 sed
2677 2232 2845 2269 eorum
2862 2233 2972 2283 quoe
2995 2234 3081 2272 vos
3095 2224 3158 2272 ab
3176 2226 3287 2287 ipsis
3319 2226 3534 2290 accipitis
3555 2233 3754 2293 mnam
3781 2233 3992 2286 habeatis
4005 2274 4018 2296 ,

2467 2312 2604 2374 quasi
2645 2326 2730 2362 sua
2764 2314 2902 2363 vobis
2947 2314 3226 2379 largiantur,
3267 2332 3363 2369 non
3396 2325 3556 2371 vestra
3602 2324 3836 2375 furentur.
3921 2329 4019 2389 (12)

2467 2404 2608 2462 Quod
2631 2408 2702 2455 est
2717 2408 2880 2455 autem
2903 2408 3120 2457 omnium
3139 2410 3349 2459 maxime
3367 2411 3714 2476 prodigiosum,
3747 2416 3796 2464 in
3823 2417 4021 2477 privatis

2465 2494 2659 2557 quidem
2680 2496 2848 2558 rebus,
2880 2498 2914 2545 ii
2937 2499 3020 2560 qui
3044 2498 3290 2550 laeduntur
3311 2502 3373 2551 ad
3403 2503 3630 2555 lacrimas
3656 2506 3937 2570 confugiunt
3969 2512 4020 2558 et

2465 2584 2838 2635 misericordiam
2857 2589 3076 2649 captant;
3099 2587 3150 2636 in
3173 2588 3374 2650 publicis
3392 2602 3507 2639 vero
3519 2628 3534 2653 ,
3551 2590 3583 2639 ii
3599 2591 3712 2640 sunt
3730 2592 4020 2643 miserabiles

2464 2678 2546 2740 qui
2567 2677 2786 2740 injuriam
2812 2680 3050 2745 fecerunt,
3080 2684 3130 2732 et
3155 2696 3242 2732 vos
3260 2684 3338 2745 qui
3365 2684 3637 2748 accepistis,
3671 2687 4015 2737 misericordes.

2462 2771 2527 2818 Et
2551 2783 2682 2819 nunc
2700 2772 2897 2823 fortasse
2915 2772 3043 2824 idem
3065 2774 3241 2824 sacient
3263 2774 3395 2837 quod
3415 2777 3463 2825 et
3487 2777 3619 2839 prius
3637 2778 3792 2827 facere
3814 2792 4013 2831 consue·

2463 2866 2639 2914 verunt
2661 2865 2868 2917 demotae
2893 2870 2945 2917 et
2977 2869 3119 2918 amici
3133 2906 3148 2930 ,
3182 2870 3235 2918 ut
3257 2869 3354 2918 suis
3378 2869 3589 2919 lacrimis
3611 2873 3815 2922 vestram
3834 2874 4017 2924 iracun-

2461 2956 2591 3007 diam
2616 2959 2943 3021 deprecentur.
2980 2960 3078 3025 (1³)
3097 2965 3195 3024 Ego
3212 2963 3375 3011 autem
3401 2963 3469 3011 ita
3483 2975 3536 3011 se
3561 2976 3664 3013 rem
3686 2964 3862 3015 habere
3879 2979 4016 3029 opor·

2462 3053 2563 3102 tere
2587 3053 2782 3114 judico:
2809 3054 2850 3103 si
2872 3066 2955 3103 eos
2983 3054 3102 3103 nihil
3119 3053 3386 3116 quidquam
3405 3054 3520 3103 mali
3548 3059 3844 3119 perpetrasse
3867 3061 4016 3108 autu-

2461 3147 2621 3205 ment,
2641 3146 2759 3193 tunc
2777 3147 3211 3195 commonstrantes
3229 3146 3345 3195 salsa
3367 3159 3468 3196 esse
3485 3158 3599 3209 qua
3620 3148 3929 3209 objiciuntur,
3949 3152 4017 3203 ita

2462 3248 2548 3286 vos
2570 3236 2760 3286 flectere
2772 3239 3006 3286 conentur
3022 3236 3086 3285 ad
3101 3236 3450 3287 absolutionem
3468 3256 3480 3285 ε
3501 3238 3577 3286 sin
3591 3238 3729 3288 vobis
3746 3241 4018 3303 supplicent

2461 3329 2552 3378 rati
2590 3342 2671 3378 eos
2699 3329 2977 3391 deliquisse,
3003 3328 3308 3378 manifestum
3341 3330 3415 3378 est
3447 3328 3573 3390 ipsos
3607 3328 4017 3381 benevolentiores

2460 3436 2561 3474 esse
2594 3424 2819 3484 iniuriam
2842 3422 3125 3474 iacientibus
3154 3434 3303 3485 quam
3339 3422 3475 3473 vob'n
3502 3423 3792 3485 patientibus
3827 3444 3839 3473 ε
3871 3426 3938 3474 ita
3960 3429 4017 3476 ut

2459 3529 2556 3566 non
2574 3515 2774 3577 gratiam
2787 3550 2802 3575 ,
2822 3513 2906 3563 sed
2923 3526 3112 3576 poenam
3125 3549 3140 3575 ,
3163 3514 3356 3577 quando
3370 3529 3514 3578 penes
3533 3529 3618 3565 vos
3634 3517 3753 3577 erit,
3771 3517 3900 3579 digni
3916 3518 4016 3568 sint

2460 3608 2700 3670 consequi.
2768 3608 2867 3669 (1⁴)
2893 3608 3128 3657 Praeterea
3150 3608 3343 3658 eosdem
3365 3609 3638 3659 existimare
3659 3613 3849 3673 oportet
3866 3624 4011 3662 accu-

2458 3705 2638 3752 satores
2672 3700 2931 3763 impensius
2966 3699 3316 3761 sollicitavisse,
3352 3701 3607 3751 arbitratos
3627 3703 3782 3752 multo
3809 3703 3948 3753 citius
3983 3718 4012 3754 a

2460 3796 2596 3847 nobis
2622 3796 2705 3860 qui
2727 3794 2867 3858 pauci
2897 3807 3089 3855 sumus,
3114 3793 3239 3843 banc
3269 3795 3468 3855 gratiam
3496 3808 3547 3844 se
3571 3809 3706 3858 posse
3743 3801 4010 3861 reportare,

2458 3901 2604 3952 quam
2629 3900 2657 3936 a
2690 3886 2854 3947 vobis;
2877 3886 2986 3934 tum
3003 3885 3166 3934 autem
3187 3884 3372 3933 facilius
3390 3884 3508 3935 alios
3525 3887 3684 3935 vestra
3711 3887 4008 3937 condonatu-

2457 3994 2564 4041 ros,
2597 3991 2742 4041 quam
2770 3977 3100 4039 vosmetipsos.
3166 3974 3264 4037 (15)
3296 3974 3546 4025 Noluimus
3568 3988 3656 4026 nos
3684 3990 3879 4026 causam
3904 3991 4008 4041 pro·

2456 4078 2596 4137 dere;
2616 4076 2664 4124 et
2683 4086 2768 4123 vos
2783 4084 3030 4135 speramus
3045 4070 3170 4120 idem
3188 4070 3403 4119 facturos
3417 4082 3519 4120 esse
3529 4106 3545 4131 ,
3562 4072 4010 4134 existimaturosque

2457 4166 2587 4231 quod
2620 4164 2758 4216 nobis
2796 4162 3007 4212 maxime
3044 4161 3413 4221 succenseretis,
3452 4162 3598 4223 atque
3632 4161 3776 4210 etiarn
3815 4174 4005 4223 poenaS,

2455 4259 2648 4324 quando
2664 4260 2716 4308 in
2738 4268 2907 4307 manus
2929 4255 3109 4303 vestras
3129 4251 3476 4311 incideremus,
3499 4253 3729 4312 tanquam
3745 4263 3774 4301 a
3792 4252 4009 4301 sontibus

2452 4354 2730 4411 sumeretis,
2756 4352 2798 4400 si
2818 4363 2907 4400 nos
2935 4360 3048 4397 cum
3073 4347 3176 4399 istis
3206 4347 3282 4396 vel
3314 4346 3517 4409 pecunia
3551 4347 3770 4407 accepta,
3801 4346 3876 4395 vel
3911 4345 4006 4396 alio

2452 4447 2622 4511 quovis
2638 4442 2810 4503 modo,
2829 4442 2879 4491 in
2899 4441 3100 4504 gratiam
3122 4439 3476 4490 reduceremur.
3500 4440 3722 4489 Attamen
3746 4440 3786 4487 si
3803 4438 3873 4488 eis
3888 4439 4007 4489 indi·

2453 4537 2713 4605 gnaremini
2727 4537 2812 4600 qui
2829 4535 2965 4586 litem
2981 4546 3080 4583 non
3105 4535 3236 4583 recte
3258 4531 3677 4595 persequerentur,
3699 4532 3830 4580 certe
3846 4532 4007 4582 sontes

2453 4637 2577 4699 ipsos
2601 4630 2877 4696 gravissime
2906 4626 3076 4691 punire
3101 4626 3254 4676 decet.
3318 4624 3417 4686 (ιο)
3441 4626 3580 4673 Nunc
3607 4622 3772 4686 igitur,
3794 4622 4002 4685 judices.

2453 4727 2722 4791 Epicratem
2739 4719 3114 4773 condemnatum
3131 4718 3299 4768 ultimo
3315 4716 3549 4780 supplicio
3562 4715 3812 4776 mulctata,
3827 4728 4000 4777 neque,

2451 4823 2506 4872 ut
2519 4822 2634 4871 olim
2657 4820 2810 4869 faeere
2827 4811 3146 4866 consuevistis
3156 4847 3172 4874 ,
3187 4810 3430 4875 improbos
3443 4808 3624 4871 indicio
3637 4810 3900 4870 convictos,
3915 4809 3999 4857 im.

2453 4914 2645 4980 punitos
2662 4912 2715 4962 in
2732 4911 2833 4974 ipsa
2859 4909 2960 4959 litis
2979 4903 3293 4957 estimatione
3313 4903 3592 4965 dimittatis,
3617 4903 3679 4952 ab
3705 4903 3763 4952 iis
3795 4901 3998 4952 inimici-

2450 5010 2593 5070 tiam,
2614 5019 2710 5057 non
2731 5013 2921 5068 poenam
2951 4994 3275 5062 reportantes,
3295 4992 3433 5055 quasi
3458 4989 3684 5054 probrum
3698 5024 3713 5051 ,
3733 5000 3829 5037 non
3859 4996 3997 5049 poena
