4875 6634
748 360 1039 405 (ua—{u}

739 459 777 529 ἢ
805 461 1007 537 πρῶτον
1031 451 1125 531 μὲν
1154 454 1295 512 τοῦτ’
1321 452 1384 511 ἂν
1408 455 1644 524 κατεῖπε,
1670 451 1867 532 πότερα
1890 450 2037 523 κοινὴ
2071 456 2197 528 ἡμῖν
2240 445 2303 523 ῆν

738 542 775 615 ἢ
809 545 915 602 ἰδία
939 542 1149 613 τούτου,
1174 539 1266 597 καὶ
1291 539 1488 617 πότερα
1517 538 1577 597 τὸ
1602 537 1770 614 ἥμισυ
1796 542 1888 599 τοῦ
1929 539 2171 619 ἀργυρίου
2200 538 2305 616 ἐγὼ

659 651 716 688 ao
752 628 1122 706 συνεόαλόμην
1157 626 1193 698 ἢ
1220 618 1365 692 οὗτος
1386 624 1527 683 ἅπαν
1552 624 1739 697 ἔδωκε,
1759 626 1850 685 καὶ
1873 629 1919 684 εἰ
1937 626 2305 704 διηλλαγμένοι

738 718 777 789 ἢ
801 717 887 776 ἔτι·
908 715 1085 796 ἐχθροὶ
1107 707 1257 791 ἦμεν,
1284 711 1373 789 (ιι)
1399 712 1477 771 ἔτι
1501 711 1556 770 δὲ
1583 713 1628 770 εἰ
1666 711 2120 793 μεταπεμφθέντες
2144 712 2300 783 ἤλθο-

740 828 840 883 μεν
867 804 903 875 ἢ
931 802 1133 868 οὐδενὸς
1166 798 1482 865 καλέσαντος
1501 842 1520 871 ,
1562 794 1654 857 καὶ
1688 801 1733 859 εἰ
1762 790 1910 865 οὗτος
1943 790 2075 879 ἦρχε
2113 801 2302 877 χειρῶν

740 890 937 949 ἀδίκων
960 888 996 960 ἢ
1023 886 1127 967 ἐγὼ
1148 882 1395 966 πρότερος
1409 890 1591 944 τοῦτον
1612 884 1865 953 ἐπάταξα.
1946 884 2161 946 Τούτων
2183 887 2301 943 καθ’

740 977 799 1036 ἓν
826 977 1045 1036 ἕκαστον
1067 977 1160 1032 καὶ
1183 976 1286 1032 τῶν
1311 972 1482 1031 ἄλλων
1505 968 1651 1030 οὐδὲν
1668 964 1733 1044 ῆν
1760 971 1794 1032 ὅ
1808 996 1860 1031 τι
1882 973 1941 1031 οὗ
1970 972 2147 1052 ῥᾴδιον
2170 973 2303 1051 αὐτῇ

741 1074 850 1131 τοῖς
876 1088 934 1123 τε
957 1062 1136 1128 ἄλλοις
1163 1058 1385 1172 ἒμῆανὲς
1404 1059 1497 1118 καὶ
1519 1058 1717 1126 τούτοις
1738 1063 1976 1130 ποιῆσαι.

823 1172 896 1211 ια.
937 1150 1067 1209 Ὀτι
1096 1148 1190 1226 μὲν
1221 1169 1308 1207 ουν
1343 1147 1461 1206 οὔτε
1493 1146 1712 1226 πρόνοια
1742 1146 1947 1225 έγένετο
1986 1144 2105 1205 οὔτε
2141 1148 2307 1205 ἀδικῶ

738 1245 942 1311 τοῦτον,
960 1228 1005 1297 ὦ
1031 1235 1223 1315 βουλή,
1261 1236 1322 1294 ἑκ
1347 1232 1606 1293 τοσούτων
1636 1232 1935 1312 τεκμηρίων
1967 1233 2058 1292 καὶ
2095 1256 2305 1313 μαρτυ-

665 1339 715 1378 35
744 1332 871 1407 ριῶν
896 1329 1021 1403 ὑμῖν
1041 1324 1401 1383 ἐπιδέδεικται·
1420 1320 1549 1388 ἀξιῶ
1572 1321 1619 1377 δ’
1636 1319 1757 1379 ὅσον
1774 1320 1839 1378 ἃν
1860 1319 2064 1398 ἐγένετο
2082 1322 2299 1397 σημεῖον

739 1414 911 1495 τούτῳ
941 1411 1068 1493 πρὸς
1094 1410 1155 1471 τὸ
1178 1412 1348 1469 δοκεῖν
1373 1411 1543 1480 ἀληθῆ
1570 1407 1739 1486 λέγειν
1765 1406 2011 1487 φυγόντος
2043 1410 2172 1485 ἐμοῦ
2209 1406 2306 1478 τὴν

744 1503 995 1580 βάσανον,
1020 1504 1264 1558 τοσοῦτον
1284 1495 1401 1574 ἐμοὶ
1421 1494 1705 1574 τεκμήριον
1729 1494 1967 1574 γενέσθαι
1991 1493 2071 1552 ὅτι
2094 1495 2152 1553 οὗ
2180 1493 2307 1573 426-

741 1590 927 1665 δομαι,
947 1585 1074 1645 διότι
1101 1577 1246 1650 οὗτος
1270 1586 1366 1643 οὐκ
1388 1582 1639 1653 ἠθέλησεν
1667 1585 1726 1642 ἐκ
1748 1586 1841 1653 τῆς
1870 1581 2142 1661 ἀνθρώπου
2159 1580 2307 1652 ποιή-

744 1681 938 1734 σασθαι
952 1673 1041 1731 τὸν
1056 1672 1289 1751 ἔλεγχον,
1302 1669 1393 1728 καὶ
1409 1666 1483 1746 μὴ
1496 1673 1738 1728 τοσοῦτον
1754 1671 1820 1727 io·
1841 1673 1967 1726 ῧσαι
1990 1666 2108 1735 τοὺς
2122 1666 2305 1727 τούτου

745 1764 927 1842 λόγους
945 1807 962 1839 ,
989 1760 1069 1818 ὅτι
1099 1758 1256 1839 φησὶν
1285 1754 1448 1827 αὐτὴν
1488 1754 1760 1835 ἐλευθέραν
1789 1692 1941 1813 έναι·
1986 1754 2177 1831 ὁμοίως
2204 1753 2307 1833 γὰρ

747 1849 1003 1930 προσήκει
1022 1844 1184 1922 κάμοὶ
1205 1848 1298 1915 τῆς
1317 1841 1605 1920 ἐλευθερίας
1620 1886 1635 1913 ,
1655 1840 1837 1900 τὸῖσον
1854 1838 2129 1899 καταθέντι
2146 1839 2305 1920 ἀργύ-

752 1960 874 2017 ριον.
905 1934 1065 1994 Ἀλλὰ
1084 1932 1326 2013 ψεύδεται
1340 1928 1430 1988 καὶ
1450 1930 1542 1986 οὔκ
1563 1930 1729 1999 ἀληθῆ
1748 1927 1909 2006 λέγει.
1941 1930 2031 2005 (13)
2051 1927 2129 1987 Ἢ
2146 1926 2306 1986 δεινόν

677 2046 727 2082 to
751 2043 826 2102 γε·
852 2026 897 2081 εἷ
922 2025 994 2086 εἷς
1022 2019 1114 2099 μὲν
1137 2016 1283 2077 λύσιν
1312 2021 1399 2074 τοῦ
1429 2014 1667 2091 σώματος
1689 2014 1860 2073 ἔδωκα
1890 2014 1951 2073 τὸ
1978 2014 2217 2095 ἀργύριον
2249 2017 2309 2072 ἐκ

748 2116 849 2169 τῶν
867 2108 1155 2185 πολεμίων,
1169 2105 1285 2177 ἐξῆν
1306 2104 1367 2162 ἄν
1384 2126 1473 2180 μοι
1492 2107 1720 2182 χρῆσθαι
1738 2104 1869 2181 αὗτῆ
1885 2100 1917 2160 ὅ
1927 2125 1977 2160 τι
1997 2101 2305 2179 ἐδουλόμην,

749 2196 1090 2257 κινδυνεύοντι
1123 2193 1179 2251 δέ
1217 2214 1306 2270 μοι
1339 2189 1460 2270 περὶ
1494 2194 1588 2261 τῆς
1618 2189 1864 2269 πατρίδος
1897 2189 2012 2249 οὐδὲ
2057 2188 2308 2247 πυθέσθαι

750 2290 873 2364 παρ’
900 2287 1062 2354 αὐτῆς
1083 2284 1284 2351 τάληθῆ
1313 2276 1645 2357 ἐκγενήσεται
1671 2276 1790 2355 περὶ
1817 2267 1891 2336 ὧν
1916 2277 1986 2342 εἷς
2012 2275 2108 2346 τὴν
2136 2274 2303 2356 κρίσιν

752 2372 1084 2442 καθέστηκα;
1107 2367 1198 2427 καὶ
1223 2363 1316 2441 μὲν
1341 2365 1403 2434 δὴ
1428 2363 1559 2422 πολὺ
1589 2363 1652 2421 ἂν
1688 2362 2001 2444 δικαιότερον
2028 2362 2115 2421 ἐπὶ
2142 2361 2305 2442 ταύτῃ

751 2464 820 2538 τῇ
842 2457 992 2535 αἰτίᾳ
1014 2450 1351 2533 βασανισθείη
1378 2448 1415 2521 ἢ
1439 2450 1528 2510 ἐπὶ
1549 2453 1614 2527 τῇ
1638 2450 1698 2508 ἐκ
1728 2452 1832 2507 τῶν
1867 2447 2131 2525 πολεμίων
2158 2447 2309 2506 λύσει

754 2544 1008 2624 πραθείη,
1026 2543 1134 2621 ὅσῳ
1154 2538 1303 2617 παρὰ
1326 2536 1419 2615 μὲν
1453 2536 1659 2600 ἐκείνων
1695 2534 2022 2614 βουλομένων
2048 2536 2308 2595 ἀπολῦσαι

666 2633 872 2691 tonan
893 2631 988 2690 καὶ
1019 2632 1235 2690 ἄλλοθεν
1283 2625 1629 2704 εὐπορήσαντι
1657 2627 1996 2700 κομισθῆναι,
2021 2622 2108 2682 ἐπὶ
2126 2621 2181 2680 δὲ
2203 2630 2309 2688 τοῖς

756 2724 955 2799 ἐχθροῖς
980 2718 1251 2795 γενόμενον
1275 2715 1334 2772 οὗ
1363 2712 1595 2771 δυνατόν·
1626 2713 1686 2769 οὗ
1722 2708 1822 2789 γὰρ
1851 2707 2091 2788 ἀργύριον
2121 2707 2302 2767 λαὸεῖν

756 2810 1137 2886 προθυμοῦνται
1156 2846 1174 2875 ,
1218 2800 1335 2858 ἀλλ’
1372 2802 1432 2857 ἐκ
1463 2802 1555 2869 τῆς
1592 2796 1839 2875 πατρίδος
1867 2794 2107 2854 ἔκὸαλεῖν
2151 2794 2305 2853 αὐτὸν

756 2900 1043 2952 ποιοῦνται.
1070 2889 1159 2966 (u)
1184 2885 1339 2947 Ὦσθ“
1360 2889 1481 2958 ὑμῖν
1495 2883 1750 2963 προσήκει
1766 2882 1839 2960 μὴ
1860 2883 2206 2959 ἀποδέχεσθαι
2222 2883 2310 2940 αὖ·

758 2986 841 3038 τοῦ
862 2980 947 3038 διὰ
963 2983 1116 3036 τοῦτο
1128 2977 1223 3033 οὐκ
1236 2973 1489 3041 ἀξιοῦντος
1510 2974 1886 3051 βασανισθῆναι
1903 2970 1999 3039 τὴν
2018 2969 2307 3047 ἄνθρωπον,

761 3068 834 3125 ὅτι
852 3065 1016 3136 αὐτὴν
1034 3061 1303 3140 ἐλευθέραν
1322 3058 1606 3130 ἐσκήπτετο
1625 3048 1755 3115 εἶναι
1770 3101 1787 3129 ,
1804 3055 1937 3114 ἀλλὰ
1959 3054 2091 3113 πολὺ
2112 3056 2308 3131 μᾶλλον

703 3174 728 3210 e
763 3151 1105 3234 συκοφαντίαν
1154 3146 1580 3224 καταγινώσκειν,
1623 3143 1703 3202 ὅτι
1744 3139 2055 3220 παραλιπὼν
2097 3141 2310 3218 ἔλεγχον

764 3240 921 3308 οὕτως
940 3236 1138 3318 ἅκριὸῆ
1163 3233 1505 3304 ἐξαπατήσειν
1530 3236 1666 3307 ὑμᾶς
1686 3230 1870 3311 ῥαδίως
1888 3228 2054 3309 ᾠήθη.
2114 3230 2203 3305 (15)
2228 3229 2308 3288 Οὔ

761 3328 857 3408 γὰρ
882 3328 944 3399 δή
969 3350 1072 3385 που
1099 3322 1195 3395 τήν
1222 3346 1283 3402 γε
1310 3320 1491 3381 τούτου
1521 3317 1805 3399 πρόκλησιν
1835 3314 2146 3393 πιστοτέραν
2176 3318 2310 3388 ὑμᾶς

762 3416 983 3490 νομίζειν
1010 3414 1087 3471 δεῖ
1110 3414 1203 3481 τῆς
1228 3406 1485 3487 ἡμετέρας
1504 3450 1521 3481 ,
1565 3402 1643 3482 ἐφ’
1677 3395 1751 3469 οἶς
1776 3400 1893 3467 τοὺς
1920 3403 2076 3459 αὑτοῦ
2111 3399 2312 3465 οἰκέτας

765 3500 901 3571 ἠξίου
942 3496 1330 3578 βασανίζεσθαι·
1414 3492 1449 3549 ἃ
1490 3493 1582 3567 μὲν
1621 3488 1723 3571 γὰρ
1757 3488 1940 3547 ἐκεῖνοι
1974 3485 2183 3566 ᾔδεσαν,
2225 3487 2308 3542 ἐλ·

764 3591 935 3654 θόντας
958 3590 1105 3663 ἡμᾶς
1132 3588 1200 3651 ὡς
1228 3587 1428 3655 τοῦτον,
1462 3578 1553 3636 καὶ
1586 3582 1736 3654 ἡμεῖς
1770 3576 2139 3652 ὁμολογοῦμεν·
2170 3575 2212 3630 εἰ
2258 3570 2311 3629 δὲ

765 3670 1213 3752 μεταπεμφθέντες
1236 3668 1272 3738 ἢ
1299 3666 1374 3743 μή
1392 3711 1409 3740 ,
1434 3665 1525 3724 καὶ
1550 3664 1766 3743 πότερον
1793 3659 2039 3742 πρότερον
2077 3656 2312 3736 ἐπλήγην

702 3772 745 3810 1⁰
762 3758 795 3829 ἢ
813 3758 1042 3827 ἐπάταξα
1062 3801 1079 3829 ,
1103 3755 1271 3826 ἐκείνη
1301 3756 1499 3830 μᾶλλον
1527 3751 1590 3809 ἂν
1617 3751 1749 3828 ᾔδει.
1834 3746 1923 3828 (ιο)
1953 3744 2077 3807 Ἔτι
2105 3742 2160 3802 δὲ
2198 3742 2315 3811 τοὺς

769 3845 857 3922 μὲν
868 3845 1066 3905 Ὶτούτου
1085 3844 1285 3908 οἰκέτας
1304 3840 1459 3906 ἰδίους
1480 3838 1630 3903 ὄντας
1650 3836 1831 3894 τούτου
1851 3838 1895 3891 εἰ
1918 3831 2311 3907 ἐὸασανίζομεν,

769 3932 990 4004 ἀνοήτως
1005 3932 1071 3990 ἄν
1087 3954 1140 3988 τι
1156 3926 1323 4007 τούτῳ
1336 3924 1671 4007 χαριζόμενοι
1694 3922 1785 3981 καὶ
1798 3920 1944 4000 παρὰ
1958 3918 2052 3988 τὴν
2071 3918 2314 3989 ἀλήθειαν

771 4024 891 4098 ἐμοῦ
916 4016 1319 4097 κατεψεύσαντο·
1342 4013 1474 4084 αὕτη
1492 4012 1545 4070 δὲ
1568 4015 1770 4089 ὑπῆρχε
1794 4007 1940 4077 κοινή
1957 4050 1973 4077 ,
1998 4003 2186 4082 ὁμοίως
2210 4008 2313 4080 ἂμ-

772 4106 991 4188 φοτέρων
1016 4103 1257 4185 ἀργύριον
1285 4096 1742 4172 κατατεθεικότων,
1789 4094 1880 4153 καὶ
1918 4093 2147 4171 μάλιστα
2176 4089 2311 4169 ᾔδει.

773 4192 868 4254 Διὰ
880 4194 1074 4263 ταύτην
1094 4191 1302 4248 ἅπαντα
1312 4187 1379 4245 τὰ
1394 4184 1692 4265 πραχθέντα
1708 4188 1832 4259 ἡμῖν
1843 4178 2139 4257 γεγένηται,
2153 4177 2243 4234 καὶ
2257 4178 2315 4234 οὗ

771 4280 914 4351 λήσει
936 4276 1081 4338 οῦδὲν
1107 4280 1158 4335 ἐν
1174 4275 1363 4352 ταύτῃ.
1390 4274 1480 4351 (17)
1503 4268 1705 4347 Ἔγωγ’
1722 4267 1784 4326 ἂν
1805 4265 1916 4324 ἴσον
1937 4255 2075 4343 εἶχον
2101 4266 2315 4340 βασανι·

708 4376 752 4413 ¹⁵
775 4368 988 4439 σθείσης,
1007 4364 1125 4423 ἄλλ’
1146 4360 1538 4421 ἀπεκινδύνευον
1555 4362 1723 4415 τοῦτο·
1744 4352 1876 4412 πολὺ
1894 4350 1996 4431 γὰρ
2013 4350 2133 4430 περὶ
2149 4347 2319 4406 πλείο-

773 4477 851 4521 νος
875 4459 1053 4512 τοῦτον
1081 4448 1116 4522 ἢ
1156 4448 1247 4527 ἐμὲ
1284 4446 1517 4528 φαίνεται
1551 4441 1908 4519 ποιησαμένη,
1948 4437 2037 4496 καὶ
2061 4435 2193 4513 μετὰ
2223 4435 2317 4511 μὲν

775 4541 951 4600 τούτου
971 4539 1065 4617 ἐμὲ
1081 4540 1359 4611 ἠδικηκυῖα
1375 4578 1391 4606 ,
1412 4535 1525 4607 μετ’
1548 4534 1674 4607 ἐμοῦ
1695 4528 1738 4587 δ’
1766 4523 2093 4587 οὐδεπώποτε
2118 4525 2188 4588 εἰς
2209 4527 2319 4579 τοῦ·

776 4650 860 4687 τον
885 4628 1051 4704 ἐξαμα
1086 4630 1263 4685 τοῦσα.
1322 4621 1464 4681 Ἀλλ’
1492 4620 1632 4696 ὅμως
1654 4615 1756 4694 ἐγὼ
1784 4614 1879 4691 μὲν
1907 4614 1977 4678 εἷς
2001 4610 2197 4680 ταύτην
2219 4630 2317 4666 κα-

775 4713 1010 4795 τέφυγον,
1030 4648 1176 4778 egro<
1200 4710 1255 4769 δὲ
1281 4712 1376 4768 οὐκ
1402 4706 1698 4767 ἐπίστευσεν
1728 4704 1885 4779 αὐτῇ.

856 4822 922 4862 ιο.
964 4798 1169 4861 Οὔκουν
1198 4800 1277 4856 δεῖ
1315 4801 1451 4873 ὑμᾶς
1467 4840 1484 4871 ,
1522 4783 1568 4850 ὦ
1609 4787 1771 4869 βουλή
1786 4832 1805 4863 ,
1843 4781 2148 4859 τηλικούτου
2178 4778 2319 4845 ὄντος

778 4893 862 4946 τοῦ
884 4887 1148 4958 κινδύνου,
1178 4883 1364 4966 ῥαδίως
1391 4880 1735 4958 ἀποδέχεσθαι
1760 4873 1877 4939 τοὺς
1910 4869 2091 4931 τούτου
2113 4867 2319 4944 λόγους,

781 4977 889 5033 ἀλλ’
918 4973 1320 5050 ἐνθυμουμένους
1344 4968 1422 5027 ὅτι
1449 4967 1570 5046 περὶ
1595 4970 1690 5036 τῆς
1713 4960 1958 5039 πατρίδος
1992 4979 2082 5034 μοι
2109 4954 2198 5013 καὶ
2228 4959 2317 5012 τοῦ

710 5076 757 5112 2⁰
784 5063 889 5136 βίου
912 5064 940 5120 ὁ
969 5061 1109 5136 ἁγών
1136 5063 1293 5129 ἐστιν,
1321 5060 1374 5115 έν
1400 5055 1638 5134 ὑπολόγῳ
1666 5049 1856 5113 ταύτας
1890 5045 1983 5112 τὰς
2010 5042 2321 5123 προκλήσεις

1560 360 1809 384 unauna
1849 360 1972 383 uu·
2005 360 2104 384 uu
2156 360 2499 387 vuuuuun
2539 360 2639 388 DA
2684 360 3118 391 Ιιῖυυῦιηω.

2388 462 2530 512 stioni
2550 464 2780 527 subjecta,
2799 465 2847 516 id
2875 466 3044 517 voluit.
3061 469 3184 525 Quae
3203 468 3414 531 primum
3432 469 3526 520 hoc
3539 470 3748 522 indicare
3765 472 3951 534 poterat

2390 541 2558 589 utrum
2585 541 2686 603 ipsa
2706 543 2844 592 nobis
2866 545 3137 595 communis
3154 546 3326 606 ruerit,
3350 558 3412 595 an
3439 548 3517 597 isti
3547 549 3762 611 propria;
3785 554 3950 599 utrum

2391 630 2478 680 ego
2497 618 2751 670 dimidium
2769 624 2986 683 pemnire
3002 624 3286 674 contulerim
3301 660 3317 687 ,
3344 639 3407 675 an
3432 626 3529 688 ipse
3551 630 3708 676 totum
3731 642 3948 678 numera·

2390 698 2543 759 verit5
2564 702 2729 749 utrum
2768 702 3059 752 reconciliati
3079 703 3204 752 inter
3229 715 3335 765 nos,
3354 717 3417 752 an
3446 704 3625 755 inimici
3657 706 3814 755 adhuc
3850 708 3948 759 sne-

2393 775 2544 824 rimus
2553 791 2570 837 ς
2597 778 2694 837 (11)
2720 779 2894 839 praeter
2920 779 3054 840 lioec,
3072 782 3236 829 utrum
3263 794 3348 842 ego
3367 782 3621 831 arcessitus
3652 782 3948 846 advenerim,

2391 864 2455 900 an
2484 853 2675 902 nemine
2691 856 2895 903 vocante
2908 890 2923 915 ,
2943 854 3176 917 denique,
3197 857 3364 905 utrum
3382 856 3470 906 iste
3490 857 3712 918 injuriam
3739 859 3951 922 incepta·

2392 928 2544 991 verit,
2563 943 2625 978 an
2651 942 2737 992 ego
2755 930 2902 980 istum
2922 931 3050 993 prior
3074 934 3404 994 percusserim.
3472 938 3657 984 Horum
3677 936 3952 997 singulatim

2392 1007 2695 1069 aliorumque
2711 1008 2830 1058 nihil
2852 1012 2957 1059 erat
2977 1008 3108 1071 quod
3125 1022 3222 1059 non
3246 1011 3382 1060 facile
3395 1044 3411 1072 ‚
3431 1024 3584 1073 quum
3602 1012 3706 1061 allis
3723 1049 3737 1073 ,
3756 1016 3862 1062 tum
3885 1015 3956 1063 his

2390 1083 2635 1145 judicibus
2647 1120 2661 1145 ,
2681 1084 2881 1146 planum
2901 1084 3006 1133 fieri
3023 1087 3199 1147 posset.

2462 1162 2534 1207 12.
2568 1161 2674 1208 Non
2690 1160 2836 1210 tuisse
2855 1160 3001 1222 igitur
3017 1160 3196 1210 vulnus
3211 1159 3272 1210 de
3288 1159 3548 1223 industria,
3571 1163 3843 1223 senatores,
3863 1175 3951 1211 ne·

2392 1256 2489 1306 que
2517 1257 2597 1295 me
2611 1258 2726 1295 eum
2758 1246 2935 1309 injuria
2971 1248 3211 1307 affecisse,
3243 1250 3320 1297 tot
3354 1247 3538 1298 indiciis
3571 1248 3952 1310 testimoniisque

2394 1332 2531 1382 vobis
2547 1333 2914 1395 comprobatum
2939 1337 3032 1385 est.
3105 1335 3336 1385 Obtestor
3343 1335 3507 1385 autem
3526 1336 3581 1384 ut
3596 1337 3826 1397 quantam
3843 1336 3950 1396 ejus

2393 1421 2598 1470 orationi
2633 1421 2778 1471 tidem
2803 1422 3041 1472 attulisset
3056 1458 3071 1483 ,
3106 1422 3148 1471 sl
3184 1434 3272 1485 ego
3295 1422 3613 1485 quaestlonem
3637 1422 3921 1485 defugissem
3934 1455 3949 1484 ,

2394 1508 2578 1557 tantam
2620 1521 2743 1558 mem
2782 1509 2952 1560 afferat
2984 1508 3114 1571 qnod
3140 1522 3205 1558 ex
3249 1509 3451 1559 muliere
3492 1509 3743 1559 veritatem
3781 1510 3954 1559 elicere

2394 1596 2712 1656 recusaverit,
2732 1607 2890 1658 neque
2904 1597 3099 1645 tantum
3118 1596 3312 1645 valeant
3329 1596 3476 1658 ipsius
3490 1596 3642 1645 verba
3661 1609 3815 1658 quum
3835 1596 3954 1645 dicit

2399 1692 2507 1730 eam
2526 1692 2629 1735 eene
2649 1682 2874 1744 liberam3
2895 1682 2957 1732 de
2979 1682 3204 1733 libertate
3220 1682 3351 1732 enlm
3367 1683 3429 1732 ad
3450 1695 3530 1732 me
3547 1695 3643 1732 non
3670 1683 3829 1731 minus
3851 1695 3953 1744 per-

2395 1770 2542 1829 tinet,
2555 1768 2643 1831 qui
2659 1769 2960 1819 tantumdem
2980 1769 3197 1833 pecuniae
3214 1769 3529 1819 dinumeravi.
3594 1769 3687 1819 Sed
3707 1770 3951 1829 mentitur,

2394 1867 2483 1904 nec
2504 1868 2618 1905 vera
2640 1855 2864 1906 affirmat.
2932 1858 3033 1918 (13)
3052 1858 3208 1919 Atque
3227 1856 3275 1905 id
3297 1869 3414 1906 sane
3435 1856 3681 1918 indignum
3710 1850 3832 1905 soret
3847 1892 3861 1916 ,
3885 1855 3952 1916 si,

2392 1955 2549 2005 quum
2571 1941 2688 1991 mihi
2705 1944 2921 2004 licuerit,
2941 1943 3054 1993 data
3073 1954 3244 2005 nempe
3271 1955 3299 1991 a
3318 1955 3397 1991 me
3413 1943 3613 2005 pecunia
3628 1977 3643 2004 ,
3666 1943 3866 1993 muliere
3884 1943 3955 1990 uti

2395 2039 2483 2089 pro
2501 2039 2609 2076 meo
2626 2025 2765 2077 libitu
2778 2027 2840 2077 ad
2858 2039 3032 2090 corpus
3045 2027 3374 2077 redimendum
3392 2042 3454 2078 ex
3470 2029 3676 2078 hostium
3691 2031 3923 2091 potestate
3937 2064 3954 2088 .

2394 2124 2524 2162 nunc
2544 2110 2750 2162 adducto
2778 2114 2825 2162 in
2850 2113 2898 2161 id
2922 2112 3207 2163 discriminis
3231 2115 3287 2162 ut
3313 2115 3468 2175 patria
3502 2113 3701 2162 exulare
3725 2115 3918 2163 timeam
3935 2149 3950 2173 ,

2394 2212 2492 2248 non
2509 2199 2627 2248 mihi
2656 2199 2795 2250 liceat
2810 2200 3059 2249 veritatem
3077 2199 3141 2249 ab
3162 2200 3244 2250 illa
3264 2199 3494 2250 sciscitari
3511 2212 3676 2250 earum
3705 2213 3864 2249 rerum
3888 2199 3950 2250 de

2393 2286 2572 2349 quibus
2604 2287 2655 2335 tn
2677 2286 2911 2349 iudicium
2950 2290 3106 2336 venio.
3172 2287 3318 2350 Atqui
3340 2287 3492 2337 multo
3519 2287 3695 2349 ,tristius
3728 2288 3792 2337 ob
3827 2287 3953 2338 lianc

2395 2385 2590 2423 causam
2618 2373 2792 2424 mulier
2817 2375 3144 2436 torqueretur,
3172 2386 3319 2436 quam
3356 2376 3548 2436 propter
3581 2374 3954 2435 redemptionem

2393 2461 2458 2512 ab
2484 2461 2700 2511 hostibus
2722 2473 2902 2511 venum
2925 2461 3034 2512 iret.
3097 2464 3219 2512 Nam
3241 2462 3282 2509 si
3305 2462 3464 2510 hostes
3485 2474 3564 2509 me
3593 2461 3772 2510 vellent
3793 2459 3955 2509 dimit·

2395 2556 2514 2617 tere,
2535 2553 2726 2604 aliunde
2744 2554 2993 2616 pecuniam
3007 2555 3259 2616 acquirens
3272 2566 3456 2616 possem
3475 2553 3649 2604 reverti
3669 2554 3716 2601 in
3730 2554 3952 2616 patriam,

2395 2648 2599 2698 inimicis
2627 2660 2746 2697 vero
2773 2646 2893 2696 meis
2926 2646 3142 2707 deditus,
3179 2658 3278 2695 non
3318 2658 3522 2708 possem.
3587 2648 3691 2695 Non
3718 2645 3846 2694 enim
3875 2646 3950 2693 isti

2396 2740 2648 2804 pecuniam
2660 2740 2919 2803 expetunt,
2938 2739 3022 2789 sed
3044 2751 3121 2787 me
3138 2738 3290 2800 patria
3309 2736 3480 2798 ejicere
3496 2736 3666 2787 sedulo
3685 2738 3951 2787 enituntur.

2397 2835 2496 2893 (14)
2525 2834 2625 2881 Vos
2654 2832 2816 2894 itaque
2841 2831 2981 2879 decet
3003 2829 3107 2891 ejus
3139 2829 3404 2878 orationem
3441 2841 3537 2877 non
3566 2828 3846 2889 admittere,
3872 2831 3957 2890 qui

2396 2925 2576 2976 idcirco
2596 2925 2818 2975 remtnam
2835 2923 3048 2986 torqueri
3067 2921 3236 2983 noluit,
3259 2921 3374 2984 quia
3391 2920 3707 2970 contendebat
3725 2933 3830 2969 eam
3854 2934 3956 2970 esse

2396 3020 2626 3081 liberam,
2657 3019 2739 3069 sed
2768 3031 2880 3067 eum
2911 3017 3070 3080 potius
3101 3014 3496 3065 calumniatorem
3520 3014 3735 3076 judicare
3753 3051 3767 3075 ,
3794 3014 3951 3076 quod,

2398 3114 2574 3174 rejecto
2597 3115 2697 3162 tam
2720 3110 2901 3174 liquido
2931 3110 3213 3172 argumento
3230 3145 3244 3169 ,
3276 3121 3368 3157 vos
3389 3107 3589 3170 putabat
3621 3108 3846 3159 facillime
3867 3108 3954 3156 de-

2399 3209 2591 3269 ceptum
2619 3204 2695 3253 iri.
2761 3202 2859 3264 (¹5)
2884 3203 3100 3263 Namque
3122 3200 3266 3262 liujus
3300 3198 3683 3261 provocationem
3715 3198 3822 3248 ideo
3844 3199 3956 3261 quie

2399 3311 2512 3349 suos
2541 3308 2704 3347 servos
2729 3292 2943 3356 torqueri
2976 3291 3262 3355 postulavit,
3282 3292 3444 3339 nostra
3479 3289 3824 3338 credibiliorem
3859 3303 3955 3337 non

2400 3389 2582 3439 debetis
2597 3387 2885 3438 existimare.
2952 3383 3094 3443 Quod
3113 3383 3242 3432 enim
3261 3381 3328 3430 illi
3355 3382 3533 3430 norunt
3549 3415 3563 3439 ,
3583 3392 3670 3427 nos
3686 3392 3857 3441 nempe
3879 3395 3955 3429 ve-

2401 3482 2527 3531 nisse
2550 3480 2613 3529 ad
2638 3479 2774 3530 istius
2807 3478 3035 3540 domum,
3068 3476 3117 3525 id
3156 3487 3244 3523 nos
3283 3472 3371 3534 ip&
3401 3471 3725 3521 confitemur:
3790 3475 3955 3519 utrum

2400 3585 2516 3622 vero
2543 3569 2753 3621 arcessiti
2782 3581 2932 3619 necne
2958 3558 3258 3627 ⁷venerimus,
3293 3566 3456 3614 utrum
3484 3576 3570 3625 ego
3607 3562 3736 3625 prior
3770 3561 3955 3622 plagam

2402 3664 2660 3727 receperim
2677 3663 2752 3713 vel
2770 3662 3010 3713 intulerim
3026 3697 3041 3722 ,
3057 3659 3138 3708 illa
3154 3657 3325 3707 melius
3338 3655 3542 3705 noverit.
3610 3655 3650 3715 (1
3661 3654 3709 3713 ὓ)
3732 3653 3801 3702 Ad
3821 3652 3927 3701 lime
3941 3689 3955 3711 ,

2401 3760 2442 3809 si
2483 3757 2587 3819 eius
2614 3768 2776 3807 servos
2811 3754 2896 3817 ipsi
2926 3751 3144 3816 proprios
3173 3750 3224 3799 in
3266 3748 3581 3811 quaestionem
3626 3744 3958 3803 adduxissem,

2404 3850 2657 3902 verisimile
2678 3851 2751 3899 est
2771 3848 2879 3899 illos
2904 3848 3021 3896 hero
3048 3843 3368 3907 gratificantes
3400 3840 3576 3902 proeter
3598 3838 3850 3888 veritatem
3881 3848 3959 3884 me

2406 3944 2546 3995 tuisse
2585 3943 2951 3998 criminatums3
2994 3937 3166 3987 mulier
3203 3947 3319 3984 vero
3344 3931 3616 3982 communis
3644 3931 3775 3990 erat,
3806 3943 3959 3992 quum

2404 4038 2594 4100 utrique
2615 4036 2790 4101 pariter
2808 4035 2952 4094 hujus
2968 4030 3175 4093 pretium
3199 4026 3620 4089 persolvissemns:
3652 4022 3796 4084 hujus
3818 4034 3960 4071 causa

2406 4133 2704 4198 potissimum
2725 4132 2886 4181 omnia
2911 4130 3035 4178 inter
3059 4124 3313 4185 nesiurgia
3335 4122 3622 4179 evenerant,
3642 4117 3859 4178 adeoque
3879 4115 3961 4163 illa

2405 4229 2710 4289 interrogata,
2727 4223 2844 4273 nibil
2863 4221 3090 4271 latuisset.
3158 4217 3256 4278 (17)
3273 4217 3376 4265 Non
3391 4212 3587 4262 omnino
3610 4209 3802 4272 quidem
3819 4220 3959 4269 aequa

2406 4318 2602 4383 [ἄνισον]
2618 4316 2734 4366 mihi
2747 4314 2912 4365 ruisset
2928 4309 3137 4361 conditio
3154 4321 3217 4356 ex
3236 4306 3318 4354 illa
3335 4301 3585 4366 questioni
3607 4300 3822 4361 subiecta
3839 4334 3853 4358 ,
3875 4296 3960 4345 sed

2405 4416 2567 4464 tamen
2575 4412 2678 4474 ejus
2689 4408 2756 4459 rei
2770 4406 3000 4457 t'aciebam
3014 4400 3296 4466 periculum.
3317 4395 3513 4447 Femina
3525 4392 3705 4442 scilicet
3719 4389 3796 4439 isti
3808 4387 3961 4437 multo

2406 4505 2556 4567 magis
2582 4500 2805 4553 studebat
2830 4509 2977 4560 quam
3010 4492 3130 4543 milii
3150 4510 3165 4540 z
3189 4503 3302 4539 cum
3334 4488 3426 4537 isto
3443 4483 3702 4546 conjuncta
3725 4493 3804 4529 me
3833 4491 3962 4540 saepe

2406 4596 2580 4659 injuria
2595 4593 2784 4653 affecit,
2804 4591 2949 4640 istum
2967 4589 3129 4636 autem
3145 4594 3255 4633 cum
3277 4593 3357 4630 me
3374 4587 3642 4639 nunquam.
3709 4576 3808 4634 Ego
3832 4570 3960 4620 nihi·

2407 4690 2614 4741 lominus
2630 4685 2820 4746 confugi
2838 4681 2898 4735 ad
2915 4679 3047 4730 illam
3063 4713 3079 4739 ,
3097 4676 3215 4726 dum
3233 4673 3312 4723 ille
3330 4670 3443 4719 huie
3464 4678 3561 4717 non
3579 4662 3820 4715 credebat.

2476 4783 2548 4830 18.
2564 4774 2833 4837 vosigitur,
2847 4769 3105 4827 senatores,
3132 4764 3182 4813 in
3195 4775 3248 4812 re
3265 4759 3383 4810 tanti
3399 4751 3686 4806 discriminis
3714 4762 3810 4800 non
3823 4748 3963 4797 deraet

2407 4869 2546 4918 istius
2570 4864 2716 4914 verba
2742 4858 2930 4911 facilius
2953 4854 3206 4903 admittere
3237 4869 3249 4897 =
3274 4845 3356 4897 sed
3379 4843 3640 4906 cogitantes
3661 4839 3741 4887 hle
3762 4835 3879 4885 mihi
3899 4834 3961 4881 ¹¹¹³-

2409 4953 2562 5018 patria
2593 4946 2889 5008 fortunisque
2905 4940 3127 4992 omnibus
3155 4936 3229 4999 agi
3242 4972 3256 4997 ,
3279 4929 3673 4998 provocationum
3690 4925 3958 4974 nostrarum

2411 5042 2644 5092 rationem
2661 5032 2892 5088 habeatis.
2955 5033 3119 5091 Neque
3150 5024 3331 5084 maiora
3366 5018 3595 5083 quaeratis
3629 5011 3789 5062 adhuc
3813 5020 3954 5069 argu-

3691 5109 3729 5145 a
