4875 6634
615 785 640 826 n
1202 760 1418 822 Pbffls'llo.

613 910 713 993 parte
732 893 880 964 faustam
891 893 985 962 nacti
1005 891 1184 963 lortunam
1198 915 1341 979 sumus,
1353 904 1454 962 tanto
1464 887 1626 998 majores
1640 911 1816 959 aerumnas
1829 890 1945 960 versio
1954 889 2004 960 la·

614 1017 688 1086 tina
707 1015 847 1085 creavit.
867 1013 1008 1084 Etenim
1023 1035 1132 1108 quam
1156 1012 1320 1083 Reisltius
1335 1011 1530 1083 elaboravit
1548 1010 1881 1106 interpretationem
1907 1012 2003 1080 Anti-

555 1130 557 1136 ’
615 1136 782 1233 phontis,
797 1132 1010 1220 Andocidis,
1034 1134 1147 1228 Lysim
1158 1147 1194 1204 at
1205 1134 1299 1222 lsrei,
1311 1134 1378 1204 etsi
1398 1131 1590 1229 perutilem
1606 1155 1684 1202 esse
1697 1155 1905 1219 censemus,
1922 1131 1999 1228 ipsa

615 1273 733 1328 tamen
759 1255 834 1326 haec
855 1253 990 1326 utilitas
1011 1255 1049 1323 in
1064 1277 1109 1324 eo
1124 1255 1278 1325 maxime
1292 1255 1410 1351 posita
1427 1267 1499 1341 est,
1513 1251 1613 1349 quod
1627 1277 1703 1324 non
1721 1253 1926 1323 versionem
1939 1276 2003 1322 au·

613 1393 691 1448 otor
711 1376 830 1464 dedit,
850 1375 913 1447 sed
928 1373 1160 1472 paraphrasin
1176 1377 1298 1472 potius
1312 1391 1349 1447 et
1366 1390 1507 1446 tantum
1526 1397 1601 1445 non
1614 1375 1914 1444 commentarium
1923 1397 2003 1470 per·

613 1514 774 1596 petuum.
789 1497 966 1568 Nimirum
985 1519 1208 1592 quecunque
1226 1497 1349 1593 paullo
1363 1496 1553 1567 obscurius
1565 1494 1662 1567 dicta
1676 1494 1857 1584 videntur,
1870 1494 2000 1565 ealon·

613 1622 666 1716 gis
688 1617 1050 1690 circumlocutionum
1074 1615 1285 1712 ambagibus
1318 1617 1486 1704 illustrat,
1517 1616 1721 1688 adstrictius
1744 1616 1914 1688 conclusa
1941 1615 1998 1686 vel

614 1741 803 1837 abmptius
815 1739 941 1834 juncta
955 1739 1177 1835 interpositis
1197 1739 1385 1809 sententiis
1397 1739 1434 1807 in
1455 1735 1765 1807 ratiocinationem
1780 1736 1836 1807 vel
1850 1737 2003 1808 inatten-

615 1861 697 1932 tiori
722 1861 834 1932 cuivis
849 1875 1030 1957 patentem
1054 1857 1204 1930 diducit.
1226 1864 1303 1931 Hoc
1319 1861 1440 1956 itaque
1464 1873 1570 1954 pacto
1588 1881 1703 1954 quum
1721 1882 1871 1930 nervosa
1891 1857 2002 1930 sectili

614 1981 849 2080 Antiphontei
868 1980 1022 2052 brevitas
1040 1981 1078 2052 in
1097 1979 1337 2052 luxuriantem
1355 1979 1462 2052 abeat
1474 1978 1694 2069 ubertatem,
1709 2003 1776 2051 nec
1792 1994 1864 2051 tam
1875 2003 2002 2051 carnes

614 2101 794 2174 addentur
805 2101 960 2189 lacertis,
980 2121 1090 2199 quam
1107 2100 1236 2172 orandi
1249 2102 1303 2171 vis
1321 2125 1567 2198 sepenumero
1584 2101 1764 2197 bangatur
1777 2101 2003 2173 volubilitate

613 2222 837 2294 circulatoria
854 2249 862 2292 ε
878 2236 1007 2319 sponte
1019 2220 1105 2294 hinc
1123 2221 1298 2318 intelligas
1318 2223 1441 2295 solidae
1453 2223 1549 2296 illius
1564 2239 1602 2294 et
1616 2223 1773 2296 robustae
1789 2223 2003 2320 eloquentie

614 2369 689 2416 non
712 2343 823 2414 modo
840 2367 914 2413 non
931 2342 1125 2437 imaginem
1149 2341 1320 2439 praeberi,
1342 2342 1406 2413 sed
1432 2343 1491 2413 vix
1506 2342 1674 2414 umbram
1698 2342 1808 2414 ullam
1835 2340 2002 2438 relinqui.

614 2464 789 2537 Censebat
802 2489 888 2536 vero
901 2464 1080 2534 Firminus
1091 2463 1202 2535 Didot
1218 2464 1363 2556 laudem
1376 2466 1551 2537 versionis
1564 2489 1648 2536 cum
1662 2465 1912 2537 commentarii
1926 2488 2002 2535 me·

612 2587 684 2656 rito
705 2582 803 2655 hand
820 2583 911 2656 ultm
931 2582 1185 2655 cumulandam
1200 2609 1401 2681 essequam
1416 2584 1493 2656 lieri
1507 2600 1647 2683 posset,
1660 2600 1701 2656 ut
1716 2583 1815 2656 salvo
1827 2584 2001 2655 orationis

612 2706 733 2780 colore
748 2729 874 2778 sensus
887 2706 1120 2802 aperirentur.
1134 2709 1215 2792 Quo
1227 2707 1434 2795 accedebat,
1451 2707 1551 2804 quod
1570 2705 1831 2804 typographicae
1856 2729 2001 2803 quoque

613 2828 768 2900 rationes
789 2824 1049 2923 impediebant,
1069 2827 1266 2922 quominus
1289 2827 1399 2899 latina
1426 2827 1558 2899 Reislsii
1588 2851 1784 2923 gracorum
1810 2852 1830 2897 e
1852 2828 1998 2922 regione

549 3031 553 3038 ,
614 2962 891 3045 apponerentur.
904 2951 1027 3042 ltaque
1035 2947 1073 3016 in
1087 2947 1188 3042 Lysia
1201 2971 1281 3018 eam
1290 2948 1456 3021 dedimus
1473 2950 1781 3045 versionem,quae
1799 2948 1847 3020 ab
1861 2954 2001 3046 Auges-o

611 3067 758 3142 condita
771 3091 918 3163 graecam
930 3068 1130 3141 orationem
1145 3067 1190 3140 ad
1207 3067 1357 3140 verbum
1376 3092 1479 3165 poene
1490 3067 1638 3140 reddere
1653 3066 1761 3156 solet,
1776 3067 1867 3140 adeo
1891 3082 1932 3139 ut
1946 3068 2002 3139 vel

615 3190 725 3262 nimia
745 3189 839 3262 circa
856 3187 928 3260 hoc
946 3190 1183 3286 trepidatione
1199 3190 1382 3261 interdum
1407 3189 1545 3262 humile
1564 3187 1737 3286 quiddam
1756 3191 1912 3260 traxerit.
1936 3192 2000 3261 Ca·

612 3312 818 3407 stigavimus
835 3335 913 3382 eam
927 3310 1016 3382 locis
1025 3331 1133 3407 quam
1148 3312 1311 3406 plurimis
1325 3313 1458 3408 quibus
1474 3317 1631 3408 sugerus
1646 3327 1803 3384 mentem
1817 3314 2001 3410 scriptoris

613 3433 734 3502 minus
752 3447 826 3504 erat
840 3446 1024 3503 assecutus
1039 3430 1094 3504 vel
1105 3433 1330 3527 conjecturas
1344 3456 1427 3504 suas
1440 3431 1999 3529 inopportuneintroduxemt.ln

612 3553 832 3650 Antiphonte
844 3567 963 3624 numm
981 3567 1018 3624 et
1035 3553 1221 3626 Andocide
1238 3557 1374 3626 etlsaeo
1390 3578 1505 3651 quum
1518 3555 1783 3651 praeterlleislsii
1798 3557 2000 3628 versionem

612 3674 679 3746 alia
691 3675 775 3745 satis
797 3673 928 3746 idonea
947 3698 1022 3746 non
1037 3674 1238 3764 offerretur,
1252 3675 1302 3746 ita
1316 3700 1385 3746 nos
1399 3674 1562 3763 lecimus,
1573 3689 1615 3745 ut
1629 3674 1818 3746 lleislsiana
1829 3677 2000 3748 retinere·

614 3819 693 3866 mus
707 3793 914 3890 ubicunque
943 3795 1089 3866 resectis
1105 3794 1376 3890 supervacaneis
1398 3808 1435 3864 et
1453 3815 1650 3889 paucorum
1668 3791 1863 3865 verborum
1883 3807 1999 3864 muta·

614 3918 714 3988 tione
732 3914 779 3986 ad
802 3938 914 4011 graeca
933 3913 1197 3988 accommodari
1214 3929 1379 4012 possent,
1399 3913 1445 3984 de
1469 3939 1564 3985 novo
1580 3929 1701 3985 antem
1721 3929 1939 3986 verteremus
1958 3937 2001 3986 ea

612 4037 754 4123 omnia,
773 4057 852 4132 quae
866 4036 1015 4108 liberius
1032 4035 1196 4109 Reislsius
1220 4061 1287 4108 suo
1307 4034 1499 4130 indulgens
1517 4034 1932 4131 ingenioellormaverat.
1957 4033 1998 4106 ld

614 4179 696 4228 vero
716 4158 753 4226 in
774 4156 995 4254 Antiphonte
1009 4172 1046 4228 et
1058 4156 1245 4229 Andocide
1259 4171 1333 4229 tam
1346 4178 1440 4252 saepe
1452 4154 1584 4230 accidit
1606 4169 1648 4226 ut
1665 4155 1799 4226 intacta
1820 4178 1999 4252 perpauca

612 4275 858 4345 remanserint.
890 4279 1002 4372 Atque
1024 4275 1197 4348 hactenus
1214 4275 1261 4349 de
1282 4277 1402 4376 priore
1418 4278 1489 4352 boc
1514 4277 1717 4368 volumine;
1730 4277 1917 4367 dealtero,
1938 4278 1998 4350 cui

614 4393 727 4488 major
740 4417 820 4490 pars
836 4395 967 4468 laboris
981 4411 1188 4486 reservatur,
1205 4422 1273 4471 suo
1288 4398 1449 4472 dicemus
1461 4399 1554 4475 loeo.
1563 4398 1664 4488 Vale,
1677 4399 1800 4490 lector,
1812 4399 1972 4496 leveque.

662 4613 828 4698 Psntsus,
854 4634 976 4681 mense
1000 4615 1143 4707 Augusti
1168 4617 1451 4687 Mncocxnvlt.

1556 4739 1641 4809 Csn.
1668 4739 1826 4807 Miimsn.
