4875 6634
579 694 590 709 '
644 719 664 795 ij
1207 710 1428 771 radimo.

640 874 709 948 pro
726 849 876 945 ἀφεῖσθαι.
893 848 914 941 5
929 844 989 933 84,
1006 845 1054 931 43
1075 847 1292 940 ὑπομείναιμεν
1308 868 1378 941 pro
1396 853 1565 941 ὑπομεῖναι.
1588 842 1709 940 5105,
1731 844 1776 917 32
1799 849 1895 919 ταύτὰ
1912 873 1973 947 pro

641 976 748 1043 ταύτό.
762 1013 810 1025 -
828 969 959 1066 Areo'p.
976 970 996 1063 5
1011 966 1079 1066 39,
1099 993 1142 1065 ²7
1162 982 1300 1066 transp.
1320 966 1423 1065 quod
1443 965 1630 1062 legebatur
1650 980 1705 1051 τῆς
1724 966 1861 1052 εὐταξίας
1879 978 1974 1068 ἐπιμε-

634 1097 765 1165 λεῖσθαι.
780 1134 830 1147 -
849 1096 904 1162 De
910 1091 1040 1187 paces
1064 1088 1177 1178 1¹5,2
1195 1103 1333 1187 transp.
1351 1118 1419 1161 πον.
1437 1093 1516 1186 ἔχειν
1531 1118 1600 1187 νομ.
1615 1132 1664 1145 -·
1681 1090 1761 1161 Hel.
1778 1116 1853 1163 ene.
1875 1094 1894 1186 5
1913 1092 1972 1182 61,

642 1215 687 1290 35
715 1221 986 1289 ιιαταιιαλίσωνται
1003 1238 1073 1312 pro
1095 1221 1175 1284 ἐποι.
1193 1252 1242 1267 -
1272 1215 1385 1285 Busir.
1403 1214 1423 1306 5
1443 1209 1536 1309 35,7
1562 1190 1709 1292 Ἐλλησιν
1734 1215 1889 1287 restituit
1913 1242 1975 1314 pro

636 1366 712 1438 quo
733 1341 837 1439 prius
856 1338 1050 1436 scripserat
1066 1336 1185 1418 ἄλλοις.
1208 1338 1229 1431 5
1247 1334 1344 1434 43,9
1363 1342 1542 1413 ποιήσουσιν
1558 1360 1600 1408 er
1620 1352 1696 1433 opt.
1718 1362 1786 1435 pro
1801 1345 1974 1416 ποιήσωσιν·

622 1462 863 1536 ’-Ρα11α111.
884 1465 903 1556 5
927 1460 984 1553 13,
1002 1488 1021 1532 2
1049 1468 1305 1559 μεσεγγιιώμαπος
1331 1462 1484 1533 restituit
1501 1486 1568 1558 pro
1594 1468 1852 1561 μεσεγγυήματος.
1880 1466 1899 1557 5
1920 1465 1975 1561 37,

640 1589 686 1661 26
700 1584 937 1681 καταδεέστερον
955 1608 997 1657 ex
1016 1599 1092 1683 opt
1109 1608 1177 1681 pro
1193 1588 1298 1681 ὥρας.
1314 1586 1335 1679 5
1352 1584 1436 1675 155,
1458 1586 1503 1683 37
1527 1610 1644 1659 uncos
1664 1586 1816 1659 addidit.
1844 1590 1864 1683 5
1885 1612 1977 1678 οοο,

640 1716 688 1800 ο4
704 1715 817 1784 ἐκείνου
832 1739 867 1808 γε
883 1734 952 1807 pro
968 1712 1066 1780 ἐκεῖνό
1080 1737 1139 1806 γε,
1166 1724 1265 1780 certa
1287 1708 1507 1805 conjectura.
1527 1752 1576 1763 -
1598 1709 1721 1782 Antid.
1741 1714 1760 1805 5
1782 1710 1816 1803 5,
1830 1710 1854 1783 6
1870 1716 1979 1811 ἥνεγια

638 1840 694 1933 μὲν
715 1859 784 1933 pro
799 1840 983 1931 ἠνέγκαμεν.
1006 1834 1027 1927 5
1047 1832 1106 1924 ο3,
1120 1830 1166 1904 35
1186 1839 1319 1929 ἐμαυτοῦ
1336 1857 1378 1903 ex
1398 1832 1502 1905 libris
1523 1857 1592 1930 pro
1612 1842 1713 1906 αὐτοῦ.
1734 1838 1754 1929 5
1773 1834 1832 1926 36,
1848 1836 1895 1909 23
1912 1832 1980 1907 οὐδὲ

637 1956 722 2029 ταῦτ’
740 1961 832 2056 ἔχων,
849 1980 920 2056 pro
942 1950 1007 2027 οὐδ’
1023 1960 1065 2046 εἰ,
1084 1969 1183 2028 certa
1203 1957 1427 2053 conjectura.
1450 1959 1471 2052 5
1499 1955 1580 2048 115,
1601 1982 1638 2030 11
1666 1960 1750 2029 ἀλλὰ
1770 1984 1839 2057 pro
1862 1965 1932 2032 ἀλλ’
1952 1970 1979 2031 ὁ.

637 2079 751 2175 5166,
763 2105 804 2151 11
823 2076 1009 2151 ααταὸιῶναι
1023 2103 1092 2176 pro
1108 2077 1188 2150 trid.
1208 2081 1228 2172 5
1248 2080 1328 2176 178,
1346 2077 1390 2151 52
1413 2094 1549 2177 transp.
1566 2084 1730 2177 ποιούμεθα
1744 2090 1846 2177 ἡμεῖς.
1870 2080 1980 2178 5ο53,

636 2203 683 2287 45
702 2201 938 2275 scribendum
951 2217 1101 2274 τοιοῦτον.
1119 2203 1238 2297 5301,
1266 2203 1308 2276 13
1332 2203 1477 2301 scripsit
1498 2209 1567 2286 τοὺς
1582 2208 1634 2274 καὶ
1650 2206 1757 2302 μικρὰ,
1783 2204 1913 2277 addito
1929 2210 1981 2279 καί

636 2325 682 2396 de
694 2325 792 2422 conj.
806 2366 853 2380 -
875 2330 1021 2422 Trapez.
1044 2329 1063 2420 5
1081 2330 1142 2413 4ο,
1165 2324 1210 2397 38
1234 2349 1319 2399 cum
1341 2322 1511 2397 Dobreeo
1534 2324 1769 2398 scribendum
1785 2350 1861 2398 esse
1876 2327 1981 2424 signi·

636 2446 720 2519 fleat
746 2456 828 2519 ὥστε
851 2452 894 2519 τὸ
920 2453 983 2545 μὲν
1007 2461 1156 2547 πρῶτον
1186 2451 1269 2546 παρὰ
1293 2454 1396 2545 μικρὸν
1413 2450 1525 2537 ἦλθον,
1553 2474 1597 2521 ex
1615 2450 1773 2545 vestigiis
1794 2448 1979 2523 codicum.

636 2575 731 2666 544,
746 2572 794 2659 48
810 2602 867 2670 μου
884 2596 953 2670 pro
971 2603 1024 2669 μοι
1038 2597 1123 2644 cum
1137 2572 1310 2672 Sauppio.
1325 2616 1371 2627 -
1388 2577 1511 2673 AEgr'n.
1527 2575 1546 2666 5
1560 2568 1649 2664 5,3α
1663 2576 1729 2667 ets
1746 2572 1799 2660 13,
1818 2572 1863 2671 37
1882 2574 1981 2672 dqlet

635 2700 693 2795 γὰρ
710 2711 745 2769 et
762 2700 837 2769 ὄντα
859 2723 943 2770 cum
963 2713 1038 2797 opt.
1059 2700 1158 2793 544,
1184 2702 1227 2785 14
1252 2698 1329 2799 εἶχεν
1352 2722 1420 2795 pro
1445 2698 1540 2796 εἶχον,
1559 2698 1606 2770 de
1625 2698 1721 2797 conj.
1735 2742 1785 2793 ς-
1802 2698 1892 2772 Adv.
1910 2706 1981 2773 Eu·

636 2820 736 2916 thyn.
756 2824 775 2915 5
796 2820 852 2908 13,
870 2826 918 2908 4ο
940 2818 1035 2918 μηδὲν
1052 2821 1194 2894 addidit
1217 2820 1263 2893 de
1286 2820 1438 2894 Bekkeri
1460 2821 1556 2917 conj.
1578 2824 1597 2915 5
1627 2820 1681 2913 15,
1710 2822 1731 2896 3
1758 2821 1888 2906 ἐλπίζειν
1909 2850 1979 2923 pro

635 2941 745 3025 ἤλπιζε
763 2968 847 3015 cum
869 2947 912 3015 H.
936 2942 1083 3017 Wolfio·
1294 2952 1309 2965 ⁵

677 3067 896 3165 scripsimus
914 3083 1067 3140 exeunte
1083 3066 1275 3167 Decembri
1299 3067 1555 3139 MDCCCXLV.
