4875 6634
482 760 537 813 ισο
802 791 806 799 .
879 750 1045 829 [urerer]
1065 751 1090 811 ο
1111 750 1199 813 κατ’
1224 752 1440 815 luaomaor
1458 754 1655 817 aucuerre.
1922 754 2077 838 ,ρει-σο

447 898 473 936 uu
482 881 598 938 κινδύνου
618 878 792 938 κατέπλευσεν
810 882 846 946 εἰς
859 878 906 951 τήν
926 884 1018 939 ἑαυτοῦ
1031 880 1116 954 πολιν,
1130 882 1186 940 ἐπεὶ
1202 885 1253 941 τιῖιν
1297 892 1342 941 sub
1351 894 1584 956 Quadringentorum
1593 892 1727 943 dominatu.
1738 893 1814 943 istum
1824 892 1888 943 maim
1897 893 1931 942 ita
1942 894 2077 945 obeamm

479 967 651 1045 τετρακοσίων
664 966 718 1031 θεδς
736 965 818 1037 λήθην
832 968 936 1040 ἔδωκεν,
951 967 1018 1025 ὥστε
1032 972 1067 1035 τίς
1082 972 1141 1035 τοὺς
1159 971 1253 1041 ἠδικη-
1297 974 1370 1034 θυθυ,
1381 980 1408 1023 ul
1420 976 1450 1024 ad
1462 990 1503 1025 eos
1514 990 1576 1037 quoa
1587 976 1679 1038 injmm
1689 977 1740 1037 ipse
1751 976 1865 1025 utlecemt
1875 975 1954 1025 redire
1966 979 2076 1039 cupierit.

479 1054 571 1129 μένους
593 1052 684 1119 αὐτούς
697 1052 857 1129 ἐπεθύμησεν
879 1054 1029 1133 ἀφικέσθαι,
1051 1055 1203 1135 ἀφικόμενος
1226 1056 1252 1113 δὲ
1299 1062 1416 1110 Reversus
1425 1062 1685 1121 aulem,incarcerem
1695 1062 1817 1123 conjectus
1826 1062 1863 1109 est
1876 1060 1901 1109 ct
1909 1060 2036 1123 suppliciis
2047 1065 2076 1111 al·

479 1140 553 1213 ἐδέοη
567 1140 611 1198 καὶ
624 1140 733 1217 ᾐκίσθη,
748 1138 986 1219 ἀπώλετοδὲσύχί,
1001 1144 1060 1199 ἀλλ’
1075 1142 1162 1213 ἐλύθη.
1205 1146 1250 1220 (οε)
1298 1146 1383 1195 lectus.
1423 1150 1476 1197 lion
1497 1150 1579 1197 tamen
1597 1148 1629 1197 mr
1650 1150 1753 1197 mortam
1776 1147 1889 1209 oppetiit,
1915 1148 1959 1195 sud
1975 1149 2078 1197 uncum

479 1226 572 1285 Ἔνθεν
582 1227 609 1284 δὲ
619 1227 742 1285 ἔπλευσεν
750 1230 785 1292 ύις
800 1226 936 1307 Εὐαγόραν
949 1227 993 1284 τὸν
1006 1226 1115 1306 Κύπρου
1127 1229 1253 1306 βασιλεύ·
1298 1232 1391 1279 solutus
1401 1232 1449 1292 (28)
1463 1232 1583 1293 navigavit
1594 1232 1624 1281 ad
1636 1235 1769 1295 Euagoram
1783 1230 1856 1293 cypri
1872 1243 1969 1291 regem,
1979 1232 2076 1293 illicque

479 1335 554 1384 οντα,
566 1313 610 1371 καί
622 1314 749 1383 ἀδικήσας
762 1312 861 1392 εἴρχθη.
882 1312 1008 1393 Ἀποδράις
1019 1313 1046 1370 δὲ
1059 1319 1148 1372 τοῦτον
1163 1315 1254 1393 ἔφευγε
1298 1320 1394 1379 propter
1402 1318 1490 1367 seelera
1501 1332 1582 1368 rursus
1591 1320 1615 1367 iu
1624 1318 1721 1367 vincula
1729 1318 1864 1378 conjicitur.
1906 1316 1968 1367 lude
1977 1332 2075 1380 quoque

479 1401 526 1475 μὲν
548 1401 607 1465 τοὺς
626 1402 714 1459 ἐνθάδε
728 1400 812 1472 θεούς,
833 1400 924 1477 ἔφευγε
943 1400 970 1457 δὲ
991 1398 1038 1469 τήν
1055 1404 1149 1458 ἑαυτοῦ
1168 1403 1253 1469 πόλιν,
1298 1402 1401 1453 evadens
1411 1405 1515 1466 lrrgieluat
1523 1404 1581 1454 deuo
1589 1406 1687 1467 patrios,
1696 1404 1800 1467 fugiebat
1811 1403 1934 1465 propriam
1943 1404 2076 1464 civitaten,
2182 1474 2183 1479 γ

480 1488 570 1567 έρευγε
584 1487 611 1546 δὲ
623 1490 658 1554 τίς
669 1488 711 1554 οθς
720 1487 749 1545 τὸ
761 1492 863 1567 πρῶτον
873 1488 991 1563 ἀφίκοιτο
1000 1487 1100 1554 τόπους.
1113 1490 1207 1548 Καίτοι
1216 1488 1254 1555 τίς
1297 1490 1490 1551 sumebdllootin
1496 1504 1656 1555 quaecvmque
1663 1490 1799 1541 advenerat·
1808 1494 1839 1540 eil
1846 1492 1911 1541 euim
1918 1491 2077 1553 quisnamne

439 1602 465 1641 aa
481 1574 558 1653 χάρις
568 1578 606 1655 τῷ
625 1575 686 1654 βίῳ,
704 1575 861 1633 κακοπαθεῖν
879 1574 926 1650 μὲν
938 1574 1074 1646 πολλάκις,
1093 1575 1253 1632 ἀναπαύσα-
1301 1577 1355 1626 ullae
1366 1578 1471 1637 tructus,
1486 1592 1542 1628 eum
1551 1578 2077 1641 malistraquenlcrooulliclariotnunquan

480 1666 540 1718 σθαι
552 1658 579 1719 δὲ
603 1660 751 1738 μηδόποτι;
770 1664 815 1738 (au)
833 1661 1024 1727 Καταπλεύσας
1034 1660 1061 1718 el
1076 1663 1169 1719 ἐκεῖθεν
1179 1663 1254 1743 δεῦρο
1299 1664 2077 1727 uuulcsoercliaeilllincuariganalucretianumipsius&

481 1749 515 1813 είς
531 1747 709 1826 δημοκρατίαν
728 1750 762 1813 εἷς
784 1746 831 1817 τήν
849 1750 941 1805 ἑαυτοῦ
963 1746 1038 1805 πόλιν
1053 1755 1108 1813 τοῖς
1127 1747 1174 1822 μὲν
1187 1770 1253 1825 πρυ·
1300 1751 1412 1811 nutem,
1424 1754 1531 1801 utentem
1538 1751 1588 1813 jam
1599 1752 1761 1813 democratia,
1773 1753 1797 1801 et
1806 1754 1919 1813 prytanea
1926 1751 2032 1813 peccunia
2044 1752 2076 1799 iu·

480 1834 582 1892 τάνεσιν
594 1834 674 1892 ἔδωκε
684 1832 870 1913 χρήματα,’ίνα
880 1833 955 1891 αιἰτδν
960 1834 1149 1911 προσαγάγοιεν
1156 1834 1253 1905 ἐνθάδε,
1298 1835 1368 1885 duxit
1379 1839 1406 1885 ul
1415 1837 1493 1897 ipsum
1505 1838 1529 1887 iu
1541 1838 1679 1887 concionem
1690 1836 1851 1897 adducerent,
1861 1837 1903 1887 sed
1914 1851 1958 1887 rue
1970 1850 2028 1887 eum
2038 1850 2076 1885 ει·

480 1923 552 1995 ὑμεῖς
564 1921 588 1979 δ’
599 1921 675 1979 αὐτὸν
689 1920 831 1992 ἐξηλάσατε
846 1923 875 1978 ἐκ
886 1925 933 1991 τῆς
944 1922 1055 1991 mm,
1069 1925 1121 1985 τοῖς
1132 1925 1196 1985 θεοῖς
1209 1926 1253 2000 βε.
1298 1922 1391 1984 pullstls
1402 1936 1433 1972 εκ
1444 1924 1516 1983 urbe,
1530 1924 1677 1973 confirmatis
1689 1924 1781 1985 legibus
1789 1936 1868 1985 quma
1881 1922 1954 1973 vohis
1966 1924 1992 1971 in
2004 1924 2076 1973 leuno-
2182 1938 2183 1977 i

480 2007 612 2075 όσισῦνσες
623 2007 681 2074 τοὺς
693 2008 786 2083 νόμους
796 2006 838 2074 οὓς
847 2007 1016 2087 impetamus,
1028 2007 1073 2087 (ιη)
1088 2008 1141 2067 Καὶ
1154 2008 1198 2065 τὸν
1209 2008 1253 2064 ἄν.
1298 2009 1635 2059 remdeorumlatmluerant.
1677 2011 1726 2071 (³0)
1743 2011 1850 2072 Denique
1861 2010 1989 2059 homiuem
2002 2022 2076 2071 neque
2182 2076 2183 2081 γ

480 2096 529 2173 δρα
544 2097 572 2153 ού
594 2098 687 2170 δῆμος,
700 2096 747 2151 ούκ
765 2093 917 2172 ὀλιγαρχία,
934 2096 963 2151 ού
985 2093 1122 2172 τύραννος,
1137 2097 1166 2151 ού
1179 2094 1254 2161 πόλις
1298 2096 1637 2159 pupulus‚ueqrreiyraunuu,
1647 2096 1985 2159 nequedemoerattu‚neque
1995 2098 2074 2159 eligar-

440 2196 468 2234 ιο
481 2180 562 2238 ἐθέλει
584 2180 705 2248 δέξασθαι
724 2180 766 2238 διδ
785 2182 884 2251 τέλους,
902 2179 969 2237 ἀλλά
987 2180 1073 2237 πάντα
1087 2181 1130 2237 τὸν
1150 2180 1252 2260 χρόνον,
1297 2183 1364 2245 elliu,
1375 2184 2076 2245 uuqunmrecipererolueruut:verumexomnitempoce

480 2264 507 2334 ἐξ
519 2267 579 2325 ὅσου
592 2267 730 2339 ἠσέόησεν,
741 2268 872 2342 ἀλώμενος
882 2267 979 2344 διάγει,
991 2266 1119 2324 πιστεύων
1132 2267 1173 2324 ἀεὶ
1188 2270 1253 2343 μᾶλ·
1297 2280 1346 2330 quo
1356 2270 1429 2331 impia
1438 2269 1572 2331 commisit,
1584 2271 1659 2319 vitam
1671 2270 1735 2332 degit
1746 2284 1831 2331 tumim
1840 2274 1865 2319 cl
1875 2272 2017 2331 profugam,
2027 2272 2077 2331 piu*
2182 2296 2183 2321 ι

480 2354 525 2411 λον
540 2356 593 2419 τοῖς
613 2356 710 2431 ἀγνῶσι
728 2357 778 2411 τῶν
796 2351 932 2432 γνωρίμων
945 2351 988 2411 erl
999 2351 1029 2410 τδ
1046 2352 1198 2423 ἠδικηκέναι
1211 2353 1254 2418 σθς
1297 2368 1389 2417 semper
1398 2356 1472 2405 fidem
1484 2356 1651 2417 igrrotiaquam
1662 2358 1737 2415 notu,
1746 2356 1804 2417 quia
1816 2369 1904 2417 nempe
1913 2358 1986 2405 notus
1995 2355 2077 2417 injuria

479 2438 610 2518 γινώσκει·
635 2440 702 2498 τὀδδ
714 2440 860 2498 τελευταῖον
873 2445 917 2497 ν’ύν
933 2440 1085 2520 ἀφικόμενος
1097 2444 1133 2505 εἰς
1143 2439 1191 2510 τήν
1204 2440 1252 2499 πό·
1298 2442 1420 2492 affecerat·
1443 2446 1595 2492 Postremum
1612 2456 1669 2492 vero
1682 2443 1802 2491 inurbeffl
1816 2442 2077 2503 ῐθθῑιῌυθειυοιιου

479 2530 520 2585 λιν
532 2529 569 2595 δίς
578 2532 605 2586 ἐν
616 2532 654 2607 τῷ
667 2530 739 2607 αὐτῷ
749 2528 892 2607 [iniectu]
906 2529 1070 2587 ἐνδέδεικται.
1094 2528 1138 2605 (τι)
1156 2526 1210 2586 Καὶ
1224 2528 1253 2585 τὸ
1297 2529 1375 2578 bisad
1386 2528 1474 2589 judicia
1483 2530 1607 2579 traductus
1618 2533 1662 2578 est.
1695 2529 1745 2590 (ti)
1761 2532 1792 2578 m
1804 2542 1894 2590 corpus
1902 2529 2003 2591 quidem
2017 2542 2077 2577 ειιιι-

481 2614 528 2691 μὲν
538 2619 615 2692 σῶμα
625 2615 665 2673 ἀεὶ
673 2618 699 2672 ἐν
712 2617 815 2692 δεσμοῖς
825 2614 893 2692 ἔχει,
904 2618 918 2683 η
929 2614 955 2672 δὲ
967 2613 1041 2671 οὐσία
1052 2616 1130 2670 αὐτοῦ
1140 2614 1253 2671 ἐλάττων
1298 2616 1417 2677 perlubet
1426 2617 1451 2665 in
1460 2616 1569 2677 uinculis,
1579 2616 1698 2679 ipsiusque
1706 2614 1918 2665 lacrrltatealitibus
1926 2616 2073 2665 imminuun-

481 2704 570 2761 ἐκτῶν
581 2702 703 2761 κινδύνοιν
712 2702 820 2780 γίνεται.
834 2701 927 2761 Καίτοι
938 2700 1000 2758 όταν
1011 2724 1050 2767 τις
1057 2700 1101 2759 τὸν
1107 2704 1186 2759 αὑτοῦ
1197 2700 1253 2779 βίον
1298 2705 1346 2752 tur.
1357 2706 1466 2753 Attamen
1479 2716 1555 2765 quum
1565 2703 1650 2766 aliquis
1660 2704 1722 2753 bona
1731 2716 1774 2753 aua
1786 2703 1967 2751 interiuimicos
1976 2706 2002 2752 et
2016 2702 2076 2752 dela·

479 2798 533 2855 τοῖς
546 2792 646 2868 ἐχθροῖς
658 2790 704 2847 καὶ
717 2798 770 2854 τοῖς
787 2788 957 2869 συκοφάνταις
975 2787 1097 2866 διανέμῃ,
1117 2790 1187 2845 τοῦτ’
1197 2786 1253 2845 ἔστι
1298 2790 1362 2838 εοεαε
1372 2788 1509 2853 dispertiat,
1520 2790 1580 2839 iliud
1591 2793 1655 2839 certe
1670 2804 1720 2839 nou
1731 2792 1767 2839 eut
1780 2790 1855 2839 vitam
1871 2790 1973 2839 vitalem
1985 2791 2074 2840 τίσετε.

430 2876 511 2937 106τὸ
526 2876 570 2934 τὸν
586 2876 640 2955 βίον
654 2878 749 2954 [βιοῦν]
776 2872 1024 2953 ἀόίωτον·ἃτούτιρ
1048 2872 1137 2937 etei<
1147 2875 1194 2931 ούκ
1210 2873 1254 2929 uu
1299 2876 2077 2939 Quaeonniadeusistummgitareunit‚nonipatusoorueruanli
2182 2916 2183 2927 ,

482 2964 600 3044 σωτηρία
616 2966 726 3021 ἐπινοεῖν
737 2962 853 3038 δίδωσιν,
867 2959 936 3018 ἀλλὰ
947 2959 1138 3039 τιμωρούμενος
1150 2964 1201 3017 τῶν
1212 2980 1251 3035 γε·
1298 2963 1387 3025 matio,
1398 2962 1439 3012 aed
1451 2966 1479 3011 ut
1491 2963 1562 3027 impie
1574 2964 1666 3026 abipso
1675 2964 1795 3025 gestorum
1805 2975 1887 3024 peenas
1898 2964 2004 3025 repetet.
2030 2964 2075 3023 tlt)

482 3050 629 3127 γενημένων
646 3048 830 3123 ἀσεόημάτων.
882 3049 925 3123 (aa)
937 3046 977 3106 Τὸ
991 3046 1018 3106 δὲ
1035 3050 1180 3105 τελευταῖον
1199 3046 1254 3103 νυνὶ
1299 3049 1430 3099 Novissime
1438 3049 1534 3098 demum
1547 3050 1660 3112 enipeum
1673 3048 1973 3106 robiatradidil‚uldese
1987 3050 2077 3097 statm-
2182 3058 2183 3101 ι

480 3136 663 3216 παραδέδωκεν
676 3136 753 3192 αὑτὸν
766 3139 827 3210 ύμῖν
840 3138 954 3212 χρῆσθαι
965 3134 1015 3190 ότι
1028 3132 1059 3190 ἀν
1075 3134 1210 3212 βούλησθε,
1225 3134 1253 3190 σύ
1299 3137 1355 3185 retia
1371 3136 1541 3198 quodcumque
1554 3138 1647 3197 lubeat,
1664 3150 1712 3185 non
1727 3149 1769 3185 suu
1784 3135 1920 3185 innocentia
1932 3136 2022 3195 tretus,
2037 3136 2079 3185 sul
2182 3140 2183 3179 ι

480 3225 518 3302 τῷ
531 3222 567 3297 μή
581 3223 677 3280 ἀδικεῖν
691 3220 828 3291 πιστεύων,
841 3222 899 3277 ἀλλ’
911 3219 961 3276 ὑπὸ
972 3218 1103 3294 δαιμονίου
1116 3220 1183 3284 τινὸς
1192 3219 1253 3295 epi.
1300 3222 1365 3271 tetuli
1379 3223 1483 3284 quadam
1495 3224 1634 3273 necessitate
1650 3222 1777 3272 adductus.
1794 3222 1919 3271 Neminem
1936 3222 2025 3284 igitur,
2037 3236 2079 3285 pe
2182 3260 2183 3281 ,

483 3330 559 3384 μενος
573 3310 697 3384 ἀνάγκης.
713 3305 817 3366 Ούκουν
830 3305 883 3384 χρή
898 3304 936 3381 μδι
950 3305 994 3363 τδν
1008 3305 1059 3363 Δία
1072 3305 1130 3362 ούτε
1139 3305 1252 3384 πρεσόύ-
1299 3310 1398 3369 lovem,
1415 3310 1523 3371 oportet,
1535 3322 1613 3371 neque
1622 3310 1694 3359 clete
1705 3309 1893 3371 provectiorem,
1904 3321 1986 3369 neque
1995 3310 2077 3359 adole-
2182 3318 2183 3347 i

447 3413 461 3451 ε
482 3416 554 3473 τερον
569 3393 630 3451 ὄντα
648 3392 706 3451 οὔτε
726 3392 858 3472 νεώτερον,
871 3395 983 3470 δρῶντας
996 3391 1142 3462 Ἀνδοκίδην
1160 3395 1190 3449 ἐκ
1203 3395 1253 3448 τῶν
1300 3398 1415 3457 suentem,
1432 3409 1508 3458 quum
1520 3396 1616 3446 videant
1629 3396 1774 3446 Andocidem
1792 3409 1821 3445 ex
1838 3396 2079 3459 padcuiiscrcptum,
2182 3388 2183 3411 ¹

481 3477 605 3539 κινδύνων
619 3478 772 3556 σωζόμενον,
782 3478 927 3545 συνειδότος
938 3481 1009 3557 αύτῷ
1023 3478 1086 3555 ἔργα
1099 3481 1191 3536 ἀνόσια
1202 3482 1253 3556 cip·
1299 3484 1324 3531 et
1335 3482 1407 3545 impia
1420 3482 1526 3543 ejusdem
1536 3484 1640 3531 iocinera
1651 3484 1807 3543 cllgnoscaut,
1820 3482 1850 3531 de
1863 3481 1909 3530 dila
1918 3495 1990 3531 cecus
2005 3496 2078 3545 quam
2182 3480 2183 3499 ³

481 3567 619 3647 γασμέθῳ,
632 3566 786 3647 ἀθεωτέρους
794 3566 922 3644 γίνεσθαι,
933 3566 1132 3643 ἐνθυμουμένους
1140 3564 1181 3624 ότι
1191 3565 1254 3642 ἥμι-
1299 3570 1382 3619 deceat
1400 3569 1500 3628 aeutire3
1518 3570 1656 3631 reputantes
1670 3569 1756 3618 mellus
1767 3582 1819 3617 esse
1834 3567 1984 3617 dimidiatam
2002 3570 2078 3619 uttam

483 3658 555 3718 συςὸ
576 3653 629 3731 βίος
644 3656 734 3732 βιῶναι
748 3653 871 3732 κρείττων
886 3652 992 3718 ἀλύπως
1004 3652 1073 3735 ἐστὶν
1088 3652 1106 3721 ἢ
1123 3653 1255 3719 διπλάσιος
1300 3656 1351 3706 siue
1364 3670 1466 3705 mucrore
1477 3656 1557 3705 vivere
1567 3668 1640 3718 quem
1650 3667 1707 3705 oum
1716 3667 1818 3705 moerore
1828 3654 1991 3719 duplicatam,
2001 3656 2079 3719 qumis

483 3742 649 3820 λυπουμένῳ,
661 3740 749 3820 ὥσπερ
759 3732 840 3807 οὗτος.
1299 3742 1338 3791 iul
1349 3742 1455 3803 contigit.

521 3848 558 3887 aa.
579 3830 625 3893 Εἷς
638 3834 745 3886 τοσοῦτο
762 3826 790 3885 et
804 3826 986 3906 ἀναισχυντίας
996 3827 1118 3907 ἀρῖκται,
1133 3826 1254 3885 ὥστεκαὶ
1330 3841 1368 3886 33.
1384 3840 1418 3885 Eo
1428 3838 1509 3885 autem
1520 3836 1627 3899 pervenit
1635 3835 1788 3898 impudentiae
1797 3838 1826 3885 ul
1834 3836 1884 3897 iam
1892 3836 2013 3885 ludiones
2021 3836 2077 3885 sulu-

482 3914 709 3993 παρασκευάζεται
721 3914 754 3971 τά
768 3914 890 3973 πολιτικά
903 3915 1026 3993 πράττειν
1043 3915 1088 3971 καὶ
1101 3913 1152 3984 ήδη
1166 3916 1254 3990 δημη-
1299 3926 1366 3973 ornet
1379 3924 1404 3971 in
1418 3924 1552 3985 republica,
1569 3925 1594 3971 et
1609 3923 1639 3972 de
1657 3922 1757 3984 negotiis
1771 3922 1871 3984 publicis
1887 3924 1957 3984 agat,
1975 3925 2002 3971 et
2021 3938 2078 3972 oon·

482 4011 553 4081 γορεῖ
564 4002 608 4059 καλ
620 4006 728 4081 ἐπιτιμᾷ
737 4002 783 4058 καί
792 4002 979 4078 ἀποδοκιμάζει
990 4004 1040 4058 τῶν
1053 4000 1185 4080 ἀρχόντων
1192 4001 1254 4073 τισί,
1299 4011 1379 4060 cinnes
1387 4010 1485 4071 habeat,
1495 4012 1520 4061 et
1531 4010 1715 4071 magistratuum
1725 4010 1785 4059 aliua
1796 4010 1928 4072 vituperet,
1940 4011 2004 4059 allos
2014 4024 2080 4073 repn-

444 4114 469 4154 lo
482 4092 526 4147 md
540 4088 711 4163 συμύουλεύει
721 4091 757 4154 εἰς
767 4087 814 4158 τήν
830 4089 925 4168 βουλήν
936 4086 1022 4145 εἰσιὼν
1033 4088 1094 4165 περὶ
1104 4092 1198 4147 θυσιῶν
1209 4089 1254 4147 καὶ
1299 4097 1360 4151 diet.
1369 4099 1393 4145 et
1400 4098 1509 4146 senatum
1521 4097 1638 4158 ingressus
1649 4108 1720 4145 nuum
1731 4095 1822 4158 aperiat
1831 4096 1958 4145 eonsilium
1968 4096 2001 4147 do
2010 4098 2080 4147 eaeci-

482 4175 616 4254 προσόδων
625 4175 669 4232 καί
676 4177 759 4253 εύχῶν
770 4175 815 4233 καὶ
828 4179 965 4250 μαντειῶν.
972 4175 1066 4233 Καίτοι
1076 4174 1160 4254 τούτῳ
1168 4175 1254 4235 πειθό·
1300 4182 1371 4243 liciis,
1381 4183 1411 4232 du
1419 4182 1587 4245 vectigalibus,
1597 4183 1627 4231 de
1636 4182 1760 4245 precibus,
1768 4182 1799 4231 de
1808 4183 1869 4231 votis
1877 4184 1903 4231 et
1913 4184 2029 4233 oraculis.
2050 4188 2079 4233 lt

483 4282 556 4337 μενοι
577 4260 658 4328 ποίοις
676 4264 739 4327 θεοῖς
756 4261 884 4338 ἡγήσεσθε
906 4261 1083 4340 κεχαρισμένα
1097 4267 1198 4337 ποιεῖν;
1217 4263 1254 4339 μή
1300 4270 1427 4319 eninrlruie
1436 4270 1748 4330 auscultantesquihumaru
1757 4268 1803 4317 dila
1812 4268 2007 4318 existimaturos
2015 4274 2079 4331 grata

484 4348 534 4426 γάρ
551 4347 651 4423 οἴεσθε,
665 4338 688 4406 ὦ
702 4348 791 4427 ἄνδρες
808 4348 945 4423 δικασταί,
960 4351 983 4405 εἰ
1001 4352 1072 4423 ὑμεῖς
1087 4348 1208 4427 βούλεσθε
1223 4350 1255 4407 cir
1301 4358 1418 4406 tacturos?
1431 4360 1464 4407 lie
1476 4357 1539 4405 enim
1551 4355 1712 4415 arbitremiui,
1721 4355 1825 4416 iudices,
1839 4354 1915 4403 sivos
1925 4355 2008 4405 uelitis
2016 4357 2081 4405 istim

471 4433 567 4514 Δτούτιρ
582 4432 746 4509 πεποιημένα
757 4433 938 4509 ἐπιλαθέσθαι,
951 4432 995 4489 καὶ
1007 4432 1064 4498 τοὺς
1073 4432 1144 4498 θεοὺς
1161 4434 1254 4505 ἐπιλή-
1300 4441 1824 4505 llagitlaoblivisci,deosquoqueoblitume.
1857 4440 1908 4501 (ti)
1924 4442 2079 4493 t'ultaulcm

483 4526 584 4579 σεσθαι,
627 4521 673 4598 (ει)
686 4520 764 4586 Ἀξιοῖ
777 4520 805 4578 δὲ
815 4522 865 4599 ούχ
872 4523 906 4586 ὡς
918 4518 1048 4590 ἠδικηκὼς
1061 4519 1172 4598 ἡσυχίαν
1187 4521 1254 4599 ἔχων
1301 4529 1432 4579 Andocides
1442 4542 1490 4578 non
1499 4530 1523 4577 iu
1532 4528 1629 4577 civitate
1638 4528 1727 4577 uersari
1739 4528 1837 4589 quietus
1848 4527 1876 4575 ut
1885 4528 1926 4589 qul
1941 4540 1997 4577 eam
2007 4530 2078 4578 ollen·

481 4606 675 4680 πολιτεύεσθαι,
689 4609 747 4667 ἀλλ’
760 4606 849 4687 ὥσπερ
863 4606 939 4673 αὐτὸς
952 4604 1059 4684 ἐξευρὼν
1073 4606 1132 4672 τούς
1144 4606 1192 4677 τήν
1206 4608 1254 4666 πό·
1300 4616 1376 4677 derit,
1390 4616 1430 4665 sed
1442 4616 1518 4677 utqui
1530 4615 1580 4677 lpse
1593 4627 1634 4663 eos
1646 4613 1788 4675 compererit
1799 4614 1839 4675 qui
1852 4626 1906 4661 eam
1915 4614 2077 4665 offenderunt.

482 4696 524 4753 λιν
533 4694 721 4766 ἀδικήσαντας,
731 4694 799 4753 ούτω
809 4696 962 4767 διανοεῖται,
975 4693 1020 4751 καῖ
1031 4693 1255 4770 παρασκευάζεται
1301 4706 1336 4753 lta
1345 4702 1448 4764 dentque
1457 4702 1557 4763 cogitat,
1567 4702 1602 4750 lla
1611 4700 1724 4763 seipsum
1733 4702 1869 4761 comparat,
1880 4702 1908 4747 ut
1917 4702 2007 4751 ceteris
2016 4706 2080 4751 aute

445 4808 470 4847 τι
482 4780 552 4849 όπως
560 4781 653 4860 ἑτέρων
663 4783 749 4857 μεῖζον
764 4781 916 4852 δυνήσεται,
928 4779 1016 4857 ὥσπερ
1026 4781 1054 4837 ού
1067 4778 1110 4836 διὰ
1120 4778 1255 4859 πραότητα
1301 4792 1370 4840 cellat
1379 4792 1495 4853 potestate
1504 4790 1571 4850 quasi
1582 4801 1630 4836 uon
1638 4789 1724 4837 νοείτω
1735 4788 1840 4835 iaciliietl
1850 4788 1986 4848 uestrisque
1995 4788 2079 4839 debeat

483 4869 528 4926 κοιλ
542 4869 668 4948 ἀσχολίαν
681 4869 729 4941 τήν
741 4869 868 4948 ὖμιτέριιν
882 4871 912 4926 ού
925 4867 1042 4933 δεδωκὼς
1056 4868 1115 4943 ύμῖν
1125 4867 1209 4939 δίκην,
1221 4870 1256 4934 εἰς
1300 4878 1413 4938 negotiis,
1423 4876 1488 4938 quod
1498 4874 1699 4924 hactenusnuliaa
1708 4886 1790 4935 purum
1800 4872 1869 4921 uob‘u
1879 4872 1990 4935 delerit,
1998 4880 2079 4925 contre

483 4952 527 5019 οθς
539 4961 582 5012 νῦν
596 4954 754 5033 ἁμαρτάνων
769 4960 798 5014 ού
809 4954 945 5027 λανθάνει,
960 4954 1018 5013 ἀλλ’
1033 4952 1090 5029 ἅμα
1102 4952 1255 5034 ἐξελεγχθή-
1301 4964 1419 5025 quosjam
1438 4976 1487 5011 uon
1504 4962 1604 5010 numum
1614 4962 1698 5022 peccet
1716 4958 1779 5008 :sed
1795 4960 1953 5008 continuetur
1971 4961 2078 5010 simulet

484 5040 557 5097 σιταί
568 5063 596 5097 τε
612 5043 657 5101 καὶ
669 5043 745 5101 δύσει
760 5043 842 5116 δίκην.
1301 5049 1456 5121 poeuesdaluit
1465 5048 1565 5097 debitas.

522 5145 560 5184 aa.
583 5126 751 5205 Ἰσχυριεῖται
763 5130 790 5188 δὲ
804 5128 849 5187 καὶ
863 5128 946 5188 τούτω
962 5126 1095 5209 τῷλόγῳ·
1110 5128 1257 5207 ἀναγκαίοις
1333 5144 1370 5188 tu.
1388 5140 1477 5185 Vemm
1489 5136 1513 5185 et
1531 5135 1576 5183 ime
1585 5132 1791 5183 orat-iuueniletur
1804 5132 1915 5193 (neceam
1926 5133 1993 5183 enim
2003 5134 2078 5183 liabeo

484 5208 536 5291 γάρ
558 5210 612 5289 έχω
632 5215 698 5288 ύμᾶς
718 5216 848 5272 διδάσκειν
868 5215 886 5272 θ
908 5190 981 5281 ούτος
1004 5205 1209 5291 ἀπολογήσεται,
1224 5214 1256 5271 ἵν’
1301 5238 1344 5273 voe
1355 5236 1501 5286 praemonere
1509 5234 1564 5283 qum
1573 5222 1617 5269 isle
1626 5219 1818 5282 proaedtcturus
1833 5220 1880 5275 cst,
1890 5221 1919 5266 ut
1932 5220 2009 5269 rcrlra
2019 5224 2078 5267 υειιι

486 5296 642 5364 ἀκούσαντες
650 5304 712 5380 παρ’
720 5302 871 5381 ἀμφοτέρων
880 5302 983 5379 ἄμεινον
992 5302 1197 5381 &condempnet
1206 5302 1256 5379 γάρ
1302 5324 1403 5373 rumque
1417 5310 1540 5359 uurlieutea
1555 5308 1643 5357 rectius
1656 5310 1761 5356 statuere
1775 5306 1883 5368 possitis)
1896 5325 1904 5355 ι
1917 5306 1951 5353 alt
1963 5308 2076 5355 nimirum

488 5383 573 5463 ἀγαθά
582 5386 686 5463 μεγάλα
696 5392 803 5456 ποιῆσαι
811 5388 857 5459 τήν
868 5389 942 5447 πόλιν
956 5388 1072 5465 μηνύσας
1081 5389 1126 5446 καὶ
1139 5388 1257 5446 άπαλλά-
1301 5413 1326 5447 ae
1337 5398 1366 5447 de
1376 5399 1471 5447 ciuitate
1479 5397 1568 5459 optuue
1577 5395 1691 5444 merrrlaae
1704 5406 1780 5455 quum
1794 5392 1879 5442 indicia
1894 5392 1992 5453 iecerit,
2002 5394 2027 5441 cl
2036 5406 2076 5442 νοε

444 5492 471 5531 io
488 5474 532 5544 ξας
542 5474 613 5540 δέους
620 5473 663 5532 καὶ
673 5478 789 5553 ταραχῆς
796 5480 841 5546 τῆς
850 5476 918 5536 τότε.
927 5475 970 5555 (σε)
981 5476 1028 5544 Τίς
1036 5475 1062 5534 δὲ
1073 5480 1123 5535 τιῖιν
1135 5475 1256 5554 μεγάλων
1302 5488 1391 5535 amctu
1407 5498 1435 5535 eo
1446 5484 1552 5533 tumultu
1570 5482 1629 5532 tunc
1637 5483 1722 5533 exorto
1735 5480 1879 5537 liberaverit.
1912 5479 1963 5541 (tii)
1978 5482 2008 5531 At
2022 5480 2077 5543 quis
