4875 6634
896 1172 1396 1393 purarum.

1095 1648 1209 1669 *QG-

531 2166 614 2234 Non
639 2161 755 2233 ulium
774 2160 848 2233 sere
870 2160 1086 2261 scriptorem
1104 2160 1296 2259 antiquum
1312 2172 1414 2231 tanto
1431 2182 1541 2258 opere
1559 2157 1655 2255 juvit
1666 2154 1828 2255 {diligens

478 2284 684 2385 exploratio
701 2283 872 2357 codicum
894 2298 1035 2383 quanto
1053 2286 1263 2357 Isocratem.
1289 2288 1324 2355 ls
1340 2280 1387 2353 ab
1404 2280 1617 2354 rhetoribus
1636 2280 1829 2353 incredibi-

477 2410 555 2481 lem
575 2412 612 2480 in
634 2406 786 2481 modum
806 2407 1048 2509 interpolatus
1071 2399 1259 2505 legebatur
1279 2431 1346 2507 per
1367 2405 1515 2503 longam
1537 2406 1756 2478 saeculorum
1774 2429 1829 2476 se·

478 2534 598 2621 riem,
627 2531 748 2605 donec
767 2530 982 2607 Urbinatem
997 2530 1162 2605 codicem
1175 2529 1223 2604 ab
1241 2556 1278 2603 se
1292 2554 1483 2603 excussum
1504 2528 1619 2601 edidit
1631 2535 1830 2619 Britannus,

483 2656 592 2754 cujus
609 2652 736 2727 relatio
765 2654 873 2727 docet
901 2670 1040 2753 quanta
1060 2653 1130 2727 sibi
1157 2655 1388 2755 permiserint
1410 2669 1549 2726 veteres
1572 2652 1728 2751 magistri
1747 2676 1829 2722 mu·

481 2774 601 2847 tando
618 2773 892 2873 fingendoque,
921 2789 957 2849 et
981 2774 1148 2875 exemplo
1171 2774 1400 2848 demonstrat
1422 2788 1537 2847 artem
1564 2773 1727 2847 criticam
1752 2796 1828 2844 non

481 2894 668 2967 contineri
687 2894 726 2964 in
746 2890 981 2965 confusarum
996 2894 1185 2967 literarum
1199 2894 1399 2967 notatione.
1415 2897 1609 2967 Isocratem
1621 2888 1697 2963 hoc
1719 2890 1831 2964 modo

482 3031 573 3090 ante
591 3016 660 3089 hos
679 3030 753 3089 tres
769 3030 806 3089 et
824 3015 952 3115 viginti
970 3041 1087 3091 annos
1107 3041 1193 3091 vere
1215 3032 1382 3092 renatum
1405 3018 1572 3090 comitari
1590 3041 1666 3089 non
1688 3031 1831 3117 poterat

486 3142 702 3238 Hieronymi
716 3138 841 3213 Wolfii
854 3141 1021 3239 quamvis
1033 3141 1133 3214 bona
1146 3141 1357 3215 translatio:
1377 3141 1495 3214 multa'
1502 3139 1646 3238 refingi,
1668 3139 1830 3239 suppleri

487 3265 605 3338 muita
615 3266 811 3339 debebant.
823 3266 934 3355 Quod
947 3268 1113 3365 praestitit
1128 3268 1342 3368 professoris
1354 3266 1651 3363 CoburgensisE.
1660 3273 1705 3337 A.
1716 3270 1744 3337 l.
1753 3264 1830 3335 Alt-
1934 3252 1936 3259 ¹

486 3414 571 3459 rens
583 3388 690 3461 docta
703 3388 900 3487 diligentia.
914 3394 1039 3463 Graeca
1051 3405 1174 3464 autem
1195 3408 1280 3490 post
1298 3392 1493 3464 Bedkerum
1507 3405 1542 3464 et
1553 3396 1595 3464 G.
1606 3390 1830 3486 Dimiorfium

487 3513 647 3585 maxima
671 3537 758 3587 cura
780 3527 993 3589 tractaverat
1013 3520 1205 3607 Baitems,
1229 3516 1295 3613 qui
1320 3532 1502 3613 quantum
1527 3517 1565 3589 in
1583 3515 1656 3587 boc
1685 3516 1830 3585 or'atore
1891 3558 1898 3569 -

486 3635 598 3708 studii
615 3637 779 3733 posuerit
798 3636 961 3710 editione
978 3640 1188 3735 Panegyrici
1214 3654 1251 3711 et
1263 3640 1352 3735 ,aliis
1375 3640 1520 3739 scriptis
1540 3636 1690 3711 abunde
1707 3652 1830 3709 osten·
1846 3678 1869 3721 ·.

485 3758 553 3830 dit.
574 3759 658 3855 Ejus
673 3760 780 3857 igitur
797 3762 866 3832 viri
885 3761 986 3834 docti
1005 3763 1255 3837 recensionem
1266 3766 1520 3862 expressimus,
1548 3761 1730 3860 appellato
1749 3762 1831 3858 ipso

486 3882 522 3953 si
549 3883 638 3979 quid
663 3898 754 3956 esset
780 3884 883 3981 quod
901 3885 976 3981 jam
1002 3885 1106 3958 aliter
1132 3886 1243 3958 scribi
1274 3885 1392 3959 vellet.
1424 3890 1550 3983 Neque
1576 3910 1675 3956 nunc
1704 3884 1831 3955 deesse

488 4009 638 4079 Isocrati
659 4007 777 4080 voluit
796 4034 886 4100 suo,
910 4009 972 4082 sed
992 4010 1182 4083 observata
1205 4033 1300 4082 nova
1318 4009 1513 4081 nobiscum
1535 4008 1830 4080 communicavit.

488 4133 660 4216 Quorum
678 4132 756 4204 baec
772 4156 1127 4207 commemoramus:
1146 4132 1209 4204 Ad
1225 4132 1393 4227 Nicocl.§
1414 4159 1448 4221 a,
1474 4131 1498 4203 1.
1514 4156 1572 4229 29,
1592 4136 1684 4231 ἕμγων
1703 4129 1829 4203 delen·

488 4251 580 4325 dum
601 4254 815 4351 significavit
827 4281 913 4329 cum
933 4272 1011 4355 opt.
1030 4255 1140 4329 codd.
1159 4259 1253 4352 54ο,
1272 4254 1319 4345 45
1334 4259 1489 4355 θαυμάσῃς
1505 4256 1650 4353 scripsit
1670 4280 1738 4354 pro
1760 4259 1830 4326 θαύ·

487 4378 568 4477 pade
592 4406 634 4453 ex
659 4407 727 4454 usu
753 4382 943 4481 loquendi.
960 4428 1010 4441 -
1031 4384 1164 4455 Nicoel.
1188 4387 1207 4478 5
1236 4411 1303 4473 aa,
1330 4381 1377 4471 45
1404 4384 1547 4481 scripsit
1571 4387 1623 4454 καὶ
1648 4386 1750 4454 λαθεῖν
1777 4384 1830 4454 καὶ

487 4508 643 4599 φθῆναι,
667 4529 736 4601 pro
753 4509 901 4602 ὀφθῆναι,
920 4508 1059 4603 egregia
1076 4505 1345 4579 emendatione.
1372 4509 1392 4603 5
1412 4510 1471 4593 ad,
1489 4506 1510 4577 8
1529 4520 1565 4578 et
1584 4504 1685 4598 530,
1703 4503 1743 4577 51
1768 4503 1831 4576 de·

487 4627 596 4699 lenda
621 4629 761 4702 notavit
787 4643 849 4702 τῶν
875 4614 1031 4709 Ἀθαναίων
1062 4646 1099 4703 et
1122 4644 1183 4703 τῶν
1214 4626 1303 4703 ἰδεῶν
1336 4654 1420 4703 cum
1450 4631 1610 4729 optimis.
1640 4631 1660 4722 5
1691 4624 1756 4716 55,
1782 4624 1829 4712 34

488 4760 671 4850 πραοτέρους
692 4778 761 4854 pro
780 4758 956 4852 πράουςειι
976 4769 1051 4852 opt.
1079 4755 1178 4849 561,
1197 4781 1238 4826 at
1263 4762 1293 4826 br
1319 4769 1402 4826 ante
1419 4764 1485 4837 τοῖς
1503 4757 1604 4849 λόγοις
1620 4751 1723 4846 ejecit
1744 4772 1829 4820 cum

486 4876 597 4949 codd.
615 4918 663 4931 -
680 4882 814 4978 Paneg.
835 4880 856 4973 5
876 4878 933 4966 28,
951 4878 975 4948 6
992 4876 1089 4950 delet
1110 4876 1218 4962 διττὰς
1236 4903 1320 4951 cttm
1338 4893 1413 4975 opt.
1436 4876 1529 4972 533,
1545 4880 1568 4961 4
1586 4878 1832 4971 ὁμολογουμένως

488 5025 575 5071 cum
600 5004 644 5070 tt.
663 4999 798 5073 Wolfio
820 5025 889 5101 pso
914 5008 1180 5100 ὁμολογουμένους.
1207 5005 1227 5096 5
1247 5000 1315 5092 83,
1338 5002 1384 5099 39
1410 4999 1615 5097 transponit
1639 4996 1832 5094 quoderat

488 5132 548 5202 τὴν
567 5130 728 5220 σύμπασαν
750 5110 897 5198 Ἐλλάδα.
923 5128 1042 5225 5107,
1059 5152 1102 5223 27
1135 5126 1232 5198 delet
1256 5133 1286 5197 οἱ
1302 5127 1391 5197 ἄλλοι
1409 5148 1490 5196 cum
1510 5137 1588 5220 opt.
1602 5164 1649 5175 --
1672 5122 1829 5218 Philipp.

484 5250 508 5341 5
532 5273 564 5331 ι,
590 5274 601 5318 ι
626 5249 746 5346 ἄγνοιαν
766 5274 835 5347 pro
856 5250 957 5321 ἄνοιαν
972 5275 1057 5321 cum
1076 5265 1154 5347 opt.
1179 5253 1198 5344 §
1219 5250 1286 5347 57,
1307 5254 1348 5336 41
1370 5274 1421 5345 sq.
1441 5247 1596 5318 correxit
1616 5244 1718 5343 quod
1738 5244 1832 5341 lege·

485 5370 601 5443 batur
618 5375 823 5469 ἀντιλέγουσιν
837 5383 887 5455 ὡς.
903 5375 923 5466 5
940 5371 1021 5463 154,
1047 5378 1089 5461 td
1108 5370 1236 5471 κατίδῃς
1254 5396 1321 5469 pro
1339 5367 1489 5450 κατίδοις.
1504 5412 1551 5423 -
1568 5368 1713 5440 Archid.
1733 5369 1752 5461 5
1775 5392 1829 5464 17,

490 5492 537 5565 5ο
560 5496 717 5566 correxit
736 5520 778 5567 ex
797 5496 880 5569 cod.
895 5500 933 5568 E.
953 5497 1121 5569 ordinem
1143 5500 1286 5592 ἀφίκοντο
1304 5499 1344 5577 εἰς
1360 5500 1498 5591 Δελφούς.
1519 5494 1537 5588 5
1553 5496 1614 5592 74,
1640 5490 1682 5565 15
1703 5494 1830 5587 ἀφέσθαι

639 5628 759 5676 imm.
1655 5636 1673 5673 a
