4875 6634
451 829 507 881 tit
871 812 998 875 ῙΣΑῙΟΥ
1018 816 1043 876 0
1064 815 1155 885 ΠΕΡΙ
1174 814 1252 876 ΤΟΥ
1271 813 1424 875 ΠΥΡΡΟΥ
1450 815 1611 875 stupor.
1917 818 2047 892 (sn-nrt

451 949 603 1026 ἐγγυηθείσα
620 945 677 1005 odet
690 947 865 1016 συνοικήσασα
879 943 1006 1024 φαίνεται·
1027 944 1182 1025 σκεψώμεθα
1196 939 1224 1002 δὲ
1270 950 1521 1013 sumptuositatem,
1530 949 1727 1013 etmnstnretsm
1733 950 1835 1002 otiorum
1843 951 1997 1002 neuntntsn·
2007 953 2049 1003 ds·

450 1036 495 1093 καί
507 1034 533 1100 ἐξ
547 1025 582 1091 οἷον
595 1032 626 1090 όν
637 1055 675 1098 τις
688 1029 853 1100 ὑπονοήσειεν
864 1029 958 1108 ἐγγύην
970 1029 1089 1105 γενέσθαι
1102 1029 1223 1100 τοιαύτης
1268 1049 1379 1098 sponsam
1389 1036 1461 1086 tuisse
1472 1049 1551 1099 neque
1559 1037 1714 1087 cohabitasse„
1724 1039 1816 1087 Verum
1824 1051 1869 1100 nge
1881 1039 2048 1098 excutiemus,

450 1117 588 1198 γυναικός,
601 1120 624 1176 εἰ
636 1117 686 1198 ἄρα
699 1116 743 1174 καί
753 1121 790 1196 τῷ
801 1116 920 1198 ἡμετέρῳ
930 1116 990 1197 θείῳ
1000 1115 1112 1176 τοιοῦτόν
1125 1139 1150 1173 τι
1162 1137 1226 1192 ουμ·
1269 1123 1332 1172 uude
1338 1123 1441 1185 suspicio
1451 1125 1562 1172 nuscetur
1568 1123 1619 1172 tieri
1628 1126 1710 1173 tumen
1716 1123 1823 1187 potuisse
1831 1124 1987 1186 uteiunmodi
1994 1137 2049 1174 mu·

412 1223 438 1263 at
452 1205 572 1276 όέθηκεν.
617 1203 660 1282 (17)
679 1201 750 1274 Ἤδη
768 1203 818 1282 γάρ
837 1226 902 1269 τινες
918 1203 969 1260 νέυι
990 1201 1120 1282 άνθρωποι
1138 1204 1225 1260 ἐπιθυ·
1269 1209 1677 1272 1ἰεετίίοόοεροοιίετείοσ,εἰποσίσο
1685 1211 2050 1274 quoquesruneutocoutiq'mct

452 1293 581 1370 μήσαντες
591 1290 713 1350 τοιούτων
727 1293 867 1366 γυναικῶν,
880 1287 924 1348 καί
939 1291 1056 1367 ἀκρατῶς
1067 1287 1168 1368 ἔχοντες
1180 1290 1225 1344 αθ·
1270 1296 1315 1344 hnc
1325 1297 1349 1345 in
1359 1310 1385 1346 re
1393 1296 1528 1346 humanum
1536 1296 1596 1359 quid
1604 1297 1663 1360 nuti.
1675 1298 1724 1360 (17)
1734 1299 1786 1347 Usu
1794 1296 1861 1348 enim
1872 1311 2047 1361 nonnunqum

449 1381 511 1452 τῶν,
536 1377 693 1450 ἐπείσθησαν
715 1379 759 1435 ὑπ’
780 1377 866 1443 ἀνοίας
891 1378 927 1443 εἰς
950 1373 1041 1442 αύτούς
1065 1376 1178 1434 τοιοῦτόν
1200 1399 1226 1434 τι
1269 1383 1730 1446 νεοίίυἰεδοίσεαεεείοι,φοιιπιία1ἱοεο
1739 1384 1868 1434 mulierum
1883 1398 2048 1436 nmoreeunr·

450 1463 614 1543 ἐξαμαρτεῖν.
657 1463 741 1524 Πόθεν
756 1457 799 1522 οὖν
815 1463 846 1520 ἄν
860 1484 900 1530 τις
911 1462 1067 1542 σαφέστερον
1078 1461 1150 1540 γνοίη
1165 1461 1227 1542 περὶ
1270 1471 2009 1536 stment,suihnudoompotesinsnuismndpemnndumin
2024 1487 2050 1523 ss

450 1550 557 1622 τούτων,
569 1549 587 1622 ἡ
601 1549 631 1608 ἐκ
644 1573 673 1609 τε
684 1553 736 1608 τῶν
752 1553 902 1630 μαρτυριῶν
916 1552 967 1608 τῶν
981 1549 1080 1616 τούτοις
1092 1572 1227 1628 μεμαρτυ-
1271 1557 1335 1620 ipsos
1342 1558 1552 1621 competiereutur.
1582 1558 1770 1622 Undetgiturde
1779 1559 1884 1622 bisqotd
1893 1560 2050 1611 stsmmdum

452 1635 570 1715 ρημένων
585 1641 611 1696 ἰν
624 1641 657 1708 τῆ
671 1636 787 1718 προτέρῳ
801 1635 859 1713 δίκη
874 1634 919 1694 καλ
933 1637 962 1696 ἐκ
980 1639 1032 1694 τῶν
1053 1635 1159 1694 εἰκότων
1176 1639 1228 1694 τῶν
1271 1644 1399 1694 sttcerttus
1406 1644 2052 1708 intelligatur,qunmpnrtimetssttmonitsinnctinns

451 1723 511 1802 περί
525 1721 588 1780 οὒτδ
600 1701 661 1780 τὸπ
677 1731 750 1799 ᾶγμα
764 1721 937 1802 ακεψαίμενοςς
957 1721 1003 1800 (te)
1018 1721 1187 1797 Ἐνθυμεῖσθε
1201 1719 1228 1779 δέ
1272 1731 1483 1794 superiorihomm
1492 1733 1599 1782 incanus
1607 1730 1691 1794 dictis,
1700 1733 1788 1794 purtim
1797 1745 1828 1782 ex
1837 1732 1931 1783 udicis
1937 1735 2052 1796 probiti-

451 1807 499 1880 τήν
509 1807 638 1867 άναίδιιαν
649 1745 822 1885 ι’ίνλίγουσιν.
864 1805 954 1885 Ὁμέν
962 1807 1012 1888 γὰρ
1023 1811 1117 1886 ἐγγυᾶν
1125 1807 1228 1886 μύλλων
1273 1817 1400 1880 tibueqme
1413 1819 1465 1881 ipss
1478 1817 1804 1882 resmqpeditstitthm
1812 1822 2053 1883 speotsteimnudm·

411 1916 438 1955 so
452 1897 487 1961 εἰς
499 1894 543 1954 τὸν
555 1895 723 1975 τριτάλαντον
738 1887 817 1967 οἰκον,
829 1892 863 1961 ὥς
875 1916 956 1976 φησι,
969 1893 1015 1966 τήν
1029 1895 1153 1972 άδελφήν,
1171 1897 1227 1954 δια·
1272 1905 1426 1954 tismeorum
1435 1918 1491 1968 qum
1507 1907 1668 1968 protulerunt.
1701 1905 1923 1957 tticudemusmtm
1933 1909 2051 1958 virorem

451 1980 629 2062 τραπόμενος
648 1983 794 2052 τηλικαῦτα
814 1981 858 2040 ἕνα
879 1981 1000 2062 μάρτυρα
1023 1986 1144 2060 παρεῖναι
1158 1985 1229 2062 αύτῷ
1273 1988 1346 2036 trium
1354 1987 1501 2037 talentorum
1509 1987 2052 2054 muudmmnusitmoepousurmsororu,

451 2067 597 2146 Πυρετίδην
620 2067 846 2148 προσεποιήσατο,
869 2069 915 2127 καὶ
939 2068 1030 2127 τούτου
1054 2069 1229 2150 ἐκμαρτυρίαν
1273 2075 1460 2124 oomminiscttur
1472 2087 1548 2124 unum
1559 2074 1710 2125 solummodo
1727 2077 1826 2137 testem
1843 2076 1995 2140 Pyretidem,
2008 2079 2053 2128 nis

452 2157 494 2214 ἐπ’
506 2155 590 2234 ἐκείνη
603 2157 634 2233 τῇ
648 2153 706 2235 δίκῃ
718 2155 882 2236 παρέσχοντο
891 2146 970 2213 οὗτοι·
981 2156 1012 2228 ἣν
1026 2156 1172 2236 Πυρετίδης
1183 2159 1230 2214 ούκ
1273 2165 1360 2225 presto
1370 2161 1450 2212 tuisse.
1482 2164 1514 2212 ut
1525 2161 1641 2224 hujusrei
1656 2161 1820 2212 testimonium
1835 2163 1941 2214 amentis
1953 2165 2054 2214 nominc

452 2241 621 2300 ἀναδέδεκται
642 2243 743 2311 αὐτοῖς,
765 2241 823 2299 etit
844 2242 966 2320 ὁμολογεῖ
986 2247 1152 2322 μαρτυρῆσαι
1171 2241 1230 2302 οἰδέ
1273 2249 1389 2312 seriptum
1405 2249 1550 2314 exlsibuere3
1561 2249 1627 2314 quod
1643 2251 1693 2315 ipse
1704 2252 1826 2314 Pyretidei
1844 2253 1967 2316 suscipere
1981 2268 2053 2304 reeu-

453 2326 547 2386 εἰδίναι
562 2325 660 2384 τούτων
677 2325 769 2398 ἀληθὲς
780 2324 808 2386 δν
820 2326 902 2386 ούδέν.
945 2329 989 2408 (ιν)
1004 2328 1080 2407 Μάγα
1093 2329 1120 2388 δέ
1131 2329 1230 2407 τεκμή-
1273 2339 1324 2398 snt,
1347 2343 1465 2400 negatque
1489 2339 1535 2388 sibi
1558 2339 1667 2389 eonstsre
1693 2339 1781 2388 horum
1806 2340 1940 2402 quicqum
1966 2355 2054 2392 rerum

453 2437 506 2495 ριαν
524 2417 559 2479 ὡς
577 2416 723 2494 περιφανῶς
740 2417 822 2494 ψευδῆ
839 2413 886 2486 τὴν
906 2415 1049 2495 μαρτυρίαν
1064 2407 1133 2474 οὗτοι
1149 2416 1231 2497 παρέ·
1273 2437 1332 2474 esse.
1366 2425 1704 2488 (mummulentumeqoveru
1712 2425 1781 2476 edum
1792 2425 2055 2488 dommmtummnde

454 2522 548 2578 σχοντο
562 2497 667 2570 ταύτην·
680 2499 737 2558 ἐστι
747 2500 797 2580 γδρ
815 2498 909 2567 πάντες
926 2503 960 2568 ὣς
973 2499 1035 2560 όταν
1048 2501 1095 2580 μὲν
1111 2503 1155 2560 ἐπὶ
1165 2526 1229 2584 προ·
1274 2511 1366 2561 constet
1373 2513 1593 2563 testimoniumtioc
1603 2513 1730 2563 manifesto
1743 2516 1887 2564 ementitum
1896 2528 1949 2565 mse
1960 2535 1967 2566 ε
1977 2517 2055 2566 nostis

453 2586 545 2658 δήλους
556 2585 660 2666 πράξεις
672 2584 762 2663 ἰωμεν,
774 2586 852 2652 θςδεῖ
864 2585 931 2664 μετὰ
947 2588 1085 2669 μαρτύρων
1094 2589 1229 2668 γενέσθαι,
1273 2600 1338 2649 enirn
1350 2613 1394 2650 vos
1406 2613 1502 2664 ornnes,
1512 2613 1589 2664 quum
1603 2614 1642 2651 res
1653 2602 1768 2664 provisas
1782 2605 1941 2667 suscipiamus
1958 2605 2049 2665 quium

418 2672 511 2742 ςοτοθς
520 2673 693 2738 οἰκειοτάτους
704 2673 749 2732 καί
763 2665 799 2740 οἷς
813 2672 845 2732 δν
855 2673 1026 2753 τυγχάνωμεν
1036 2675 1166 2756 χρώμενοι
1177 2677 1231 2752 μό-
1273 2688 1346 2736 testes
1357 2686 1439 2737 edesse
1447 2686 1549 2750 debent,
1563 2690 1617 2738 tum
1628 2690 1705 2740 solere
1714 2690 1886 2741 nossdrocsre
1901 2691 2056 2754 propinquis·

453 2762 546 2836 λιστα,
558 2758 663 2826 τούτους
677 2759 895 2840 παραλαμύάνειν
910 2759 1037 2838 εἰώθαμεν
1054 2763 1097 2821 ἐπὶ
1107 2763 1153 2830 τὰς
1163 2763 1230 2844 πρό·
1274 2776 1348 2824 stmos
1367 2787 1455 2837 eosque
1470 2775 1560 2837 quibus
1576 2777 1675 2825 utemur
1687 2789 1761 2839 quum
1775 2778 1973 2840 t'smitisrissime5
1989 2779 2055 2828 suhi-

454 2843 504 2912 ξεις
520 2843 566 2911 τδις
576 2845 711 2918 τοιαύτας,
723 2849 774 2904 τῶν
785 2845 811 2904 δέ
823 2846 923 2916 ἀδήλων
937 2848 984 2906 καί
996 2847 1113 2929 ἐξαίφνης
1124 2849 1231 2928 γινομέ·
1275 2862 1441 2910 tnrumuutem
1447 2873 1536 2924 rerum,
1544 2866 1765 2924 querumereutum
1771 2866 2053 2928 prescireneuopoesit,

454 2955 504 2990 νων
524 2930 582 2998 τοὺς
597 2931 789 3012 προστυχόντος
802 2932 906 2993 ἕκαστοι
921 2933 1055 3017 μάρτυρας
1075 2935 1227 3013 ποιούμεθα.
1274 2951 1346 2998 testes
1354 2949 1538 3011 producereeos
1551 2951 1594 3012 qni
1610 2951 1930 3002 fortuitoreitntertuerunt.
1963 2953 2012 3014 (2⁰3
2025 2957 2054 3002 tn

456 3018 504 3095 (τυ)
519 3018 572 3078 Καί
582 3019 625 3076 ἐπί
635 3017 683 3096 μὲν
694 3027 750 3086 ταῖς
763 3019 915 3100 μαρτυρίαις
927 3025 1015 3088 αὐταῖς
1026 3026 1078 3089 τοῖς
1087 3045 1232 3102 παραγενο-
1274 3034 1331 3098 ipsis
1340 3036 1497 3097 testimoniis,
1509 3036 1552 3086 ubi
1563 3039 1636 3087 testes
1647 3037 1672 3086 in
1681 3036 1789 3098 judicum
1802 3044 1957 3102 conquectum
1965 3040 2056 3102 produ·

455 3105 540 3182 μένοις
559 3105 660 3178 αὐτοῖς,
678 3105 761 3164 δποῖοί
778 3127 845 3172 τινες
864 3106 895 3164 ἂν
913 3097 979 3182 ὦσι,
995 3109 1094 3175 τούτοις
1118 3109 1231 3188 μάρτυσι
1275 3121 1368 3182 cimus,
1379 3122 1458 3171 fucere
1472 3135 1522 3172 non
1536 3135 1663 3185 pomumus
1680 3125 1738 3187 quin
1753 3128 1882 3187 praenites
1897 3129 1986 3189 testes,
2000 3131 2054 3191 qni·

429 3225 442 3262 ,
454 3194 567 3268 χρῆσθαι
579 3192 719 3268 ἀναγκαῖόν
732 3194 802 3250 ἐστιν
816 3196 890 3267 ἡμῖν·
902 3193 976 3273 παρόι
987 3194 1014 3252 δέ
1026 3199 1078 3254 τῶν
1096 3195 1231 3254 οἰσθενούν-
1276 3221 1371 3271 cunque
1377 3208 1474 3258 taudem
1483 3209 1845 3272 sunt,producemus;sinrero
1851 3213 1985 3264 absentium
1994 3232 2053 3281 ρευ-

453 3299 504 3335 των
518 3277 536 3348 ἢ
548 3279 599 3334 τῶν
610 3279 753 3352 ἀποδημεῖν
766 3277 912 3352 μελλόντων
927 3277 989 3337 ὅταν
1000 3303 1038 3346 τις
1049 3282 1229 3361 ἐκμαρτυρίαν
1276 3296 1330 3357 pter
1340 3295 1452 3345 morbum
1462 3295 1501 3344 vet
1511 3296 1557 3346 iter
1564 3297 1705 3347 testimoniis
1713 3299 1749 3347 uti
1760 3299 1846 3362 uliquis
1853 3301 1913 3352 vetit
1921 3339 1928 3363 ,
1937 3307 2055 3369 ῐυιιιορο

454 3367 574 3434 ποιῆται,
593 3360 652 3426 τοὺς
674 3363 882 3430 ἐπιεικεστάτους
899 3367 950 3422 τῶν
971 3367 1085 3424 πολιτῶν
1106 3368 1151 3425 καί
1170 3370 1229 3436 τοὺς
1276 3395 1328 3431 rum
1345 3381 1432 3432 dumus
1447 3383 1477 3432 ut
1500 3383 1591 3432 ctutum
1614 3385 1794 3446 probatissimos
1811 3401 1920 3450 quosque
1936 3392 2056 3455 vobisque

455 3453 517 3524 ἡμῖν
525 3446 739 3527 γνωριμωτάτους
746 3447 854 3517 ἕκαστος
863 3454 938 3527 ἡμῶν
948 3455 1095 3531 παρακαλεῖ
1105 3454 1230 3531 μάλιστα,
1276 3469 1411 3518 notissimos
1419 3469 1587 3531 adhibeamus,
1600 3472 1649 3533 (tt)
1658 3485 1736 3535 neque
1746 3486 1795 3522 uuo
1803 3475 1865 3524 teste
1872 3475 1998 3528 duobmre
2010 3479 2055 3530 de·

454 3535 499 3594 καί
511 3535 540 3592 οὐ
554 3533 610 3609 μεθ’
626 3533 681 3602 tric
692 3535 750 3594 οὐδὲ
765 3534 831 3613 μετδι
846 3537 924 3610 δυοῖν,
941 3539 985 3616 (τι)
999 3539 1056 3598 ἀλλ’
1068 3544 1102 3606 ὡς
1116 3541 1147 3599 ἂν
1163 3542 1230 3619 μετὰ
1276 3555 1407 3617 fungimur,
1425 3555 1467 3605 sed
1481 3557 1674 3620 quamplurimos
1683 3571 1850 3622 corrogamus,
1862 3575 1912 3624 quo
1922 3565 1948 3613 et
1961 3559 2054 3616 auctori

455 3620 583 3680 πλείστων
596 3619 730 3699 δυνώμεθα
739 3623 785 3689 τὰς
792 3625 965 3704 ἐκμαρτυρίας
971 3625 1066 3694 πάντες
1076 3627 1232 3708 ποιούμεθα,
1276 3643 1405 3692 testimonii
1416 3644 1569 3706 postmodum
1578 3647 1690 3707 negatum
1700 3645 1731 3695 sit
1740 3659 1756 3694 n
1766 3648 1888 3710 suscripta
1901 3663 1984 3700 rursus
1999 3652 2054 3702 inu·

455 3707 498 3766 ίνα
512 3711 549 3788 τῷ
558 3705 587 3766 τά
596 3709 822 3791 ἐκμαρτυρήσαντι
833 3711 869 3787 μή
881 3711 948 3783 ἐξείη
962 3711 1066 3794 ὕστερον
1081 3714 1178 3797 ἐξάρνῳ
1187 3739 1233 3795 γε-
1276 3728 2054 3795 tisri,etvostidemluocpromptiushsbmtisquotestesstnumero

456 3793 544 3852 νέσθαι
553 3791 600 3865 τήν
615 3797 769 3877 μαρτυρίαν,
787 3800 860 3874 ὑμεῖς
870 3821 898 3857 τε
916 3801 1020 3866 πολλοῖς
1033 3801 1078 3860 καὶ
1091 3803 1179 3868 καλοῖς
1190 3805 1235 3862 κά·
1277 3816 1357 3877 plures
1367 3816 1392 3865 et
1408 3816 1472 3866 tame
1484 3819 1559 3879 etque
1569 3817 1683 3881 dignitate
1692 3817 1802 3868 metiore
1810 3821 1866 3869 sint.
1877 3822 2055 3881 (nutxenodes

417 3917 443 3956 ,0
456 3887 543 3958 γαθοῖς
551 3885 633 3938 ταῦτα
644 3887 802 3962 μαρτυροῦσι
810 3884 955 3944 πιστεύοιτε
965 3888 1075 3964 μᾶλλον.
1119 3889 1167 3967 (νυ)
1180 3889 1233 3948 Ξε·
1278 3902 1646 3966 quidemubissesemprotectus
1659 3907 1696 3955 est
1709 3905 1740 3955 sd
1755 3907 1876 3956 orucmsm
1889 3910 2051 3973 metallicum,

457 3969 549 4036 νοκλῆς
569 3965 652 4026 τοίνυν
666 3967 770 4038 Βήσαζε
787 3969 835 4048 μέν
853 3969 897 4030 ἰὼν
918 3973 955 4039 εἰς
972 3971 1002 4031 τὸ
1020 3974 1189 4054 ἐργαστήριον
1200 3976 1232 4034 τδ
1277 3999 1332 4049 qum
1340 3987 1520 4038 ibinobtsestn
1532 3989 1923 4051 Pyrrhoreticts,uxortsnomine
1934 3995 2053 4044 turudu-

459 4051 585 4132 ήμάτερον
601 4057 637 4120 εἰς
651 4053 683 4112 τότ
694 4054 774 4135 ἔργα,
788 4058 838 4136 οὐχ
850 4057 971 4136 ἡγήσατο
985 4061 1037 4118 δεῖν
1054 4065 1107 4127 ταῖς
1120 4061 1172 4120 ent
1187 4066 1232 4120 τοῦ
1277 4071 1347 4134 dnm,
1364 4086 1413 4122 non
1428 4075 1583 4126 existimabat
1596 4079 1707 4138 oportere
1718 4078 1853 4127 setestibus
1865 4079 1999 4130 eductionis
2014 4083 2053 4136 uti

460 4141 608 4217 αὐτομάτου
627 4145 680 4200 ἐκεῖ
691 4145 827 4223 ἐντυχοῦσι
845 4147 957 4227 μάρτυσι
979 4151 1092 4226 χρῆσθαι
1107 4149 1167 4227 περὶ
1186 4155 1233 4223 τῆς
1276 4174 1337 4223 quos
1348 4161 1397 4210 tots
1404 4165 1466 4211 osset
1474 4162 1613 4225 obiecture,
1626 4163 1669 4213 sed
1683 4164 1709 4213 in
1719 4164 1819 4215 vismse
1829 4164 2002 4219 dshsthsbens
2012 4182 2051 4219 se·

459 4225 603 4304 ἐξαγωγῆς,
613 4229 669 4285 ἀλλ’
681 4221 742 4299 ήκεν
753 4229 924 4310 ίχωνίνθένδε
935 4233 1076 4315 Διόφαντον
1087 4236 1130 4294 τόν
1142 4237 1233 4319 Σφήτ-
1276 4261 1332 4297 cum
1348 4249 1510 4311 diophantum
1521 4250 1672 4312 subditum,
1684 4252 1787 4302 eundem
1796 4253 1838 4314 qui
1848 4254 1957 4304 Xersoctis
1967 4256 1992 4304 in
2006 4269 2053 4305 sn·

458 4333 512 4368 τιον
525 4312 580 4385 μεθ’
594 4315 702 4385 ἑαυτοῦ,
717 4313 744 4380 δς
757 4313 828 4393 ἔλεγε
839 4317 886 4388 τήν
903 4317 976 4388 δίκην
990 4319 1055 4400 ὑπὲρ
1067 4321 1172 4398 τούτου,
1185 4325 1232 4382 κοιλ
1276 4335 1369 4396 periore
1385 4336 1479 4384 setioue
1498 4337 1614 4397 petronus
1629 4337 1688 4398 tuit,
1700 4341 1725 4387 et
1740 4339 1889 4389 Dorotheum
1903 4339 2051 4394 mensum

459 4396 592 4475 Δωρόθεον
601 4396 644 4455 τὸν
655 4397 814 4458 Ἐλευσίνιον
821 4403 867 4461 καί
879 4403 922 4462 τὸν
934 4405 1043 4485 ἀδελφὸν
1055 4409 1135 4466 αιἰτού
1146 4412 1231 4470 Φιλα·
1276 4422 1421 4484 tratremque
1433 4434 1506 4473 suum
1521 4423 1686 4473 Philochsrem
1699 4425 1837 4488 muttosque
1849 4427 1947 4476 niossd
1958 4430 2051 4480 testen-

460 4482 529 4560 χάρη
552 4482 596 4540 καί
618 4483 711 4550 ἄλλους
731 4485 840 4554 πολλοὺς
860 4487 1007 4569 μάρτυρας,
1027 4495 1232 4570 παρακεκληκὼς
1276 4507 2051 4576 sumconvomtoe,qu0snucinucperunxitxeuoctupoeue·

422 4590 444 4631 ιε
460 4569 558 4628 ἰνθένδε
572 4571 690 4638 σταδίους
702 4570 775 4650 ἐγγύς
787 4575 948 4655 τριακοσίους
961 4579 1055 4635 ἐκεῖσε·
1071 4582 1117 4656 (το)
1132 4581 1191 4660 περὶ
1204 4580 1232 4640 δέ
1276 4599 1346 4644 cents
1352 4596 1401 4645 tere
1409 4595 1485 4646 stadia
1495 4616 1501 4646 ε
1512 4597 1562 4659 (2³)
1571 4611 1644 4660 super
1653 4599 1784 4649 elocutione
1790 4601 1871 4649 sutem
1881 4603 2052 4666 mulierisque

458 4659 504 4724 τῆς
522 4655 615 4734 ἐγγύης
633 4661 679 4728 τῆς
697 4658 777 4730 τήθης
796 4665 847 4720 τῶν
865 4662 964 4721 παίδων
982 4667 1034 4723 τῶν
1048 4667 1139 4724 ἑαυτοῦ
1152 4670 1177 4725 ἐν
1195 4671 1233 4749 τῷ
1276 4682 1357 4732 tiberis
1364 4683 1413 4732 suis
1421 4683 1475 4732 nris
1485 4685 1536 4745 est,
1546 4697 1621 4748 quum
1628 4683 1653 4733 in
1662 4686 1722 4736 urbe
1732 4686 1777 4735 sibi
1785 4686 1838 4735 duri
1847 4691 1941 4738 curaret
1951 4689 2051 4739 extesti-

460 4742 532 4800 άστει
550 4743 724 4823 ἐκμαρτυρίαν
740 4745 791 4823 (ὥς
805 4750 885 4827 φησι)
900 4749 1050 4828 ποιούμενος
1062 4755 1113 4810 τῶν
1132 4751 1178 4828 μέν
1195 4757 1232 4812 οἰ·
1276 4769 1397 4832 monium,
1407 4770 1826 4822 neresssriorumsuorumneudnem
1833 4773 2050 4839 udroeussedrure

458 4827 535 4886 κείων
561 4829 652 4889 υθδένα
674 4835 726 4890 τῶν
749 4835 840 4893 ἑαυτοῦ
865 4838 1074 4917 παρακεκληκὼς
1097 4839 1232 4918 φαίνεται,
1277 4853 1397 4915 scinditur,
1408 4854 1451 4904 sed
1462 4856 1612 4906 solummodo
1627 4857 1767 4919 Dionysium
1781 4860 1934 4910 Erchieusem
1950 4865 1976 4912 et
1991 4864 2047 4912 Ari·

459 4914 591 4974 Διονύσιον
605 4917 633 4976 δέ
649 4917 757 4998 Ἐρχιέα
772 4920 818 4978 καὶ
833 4921 1012 5003 Ἀριστόλοχον
1025 4924 1068 4984 τδν
1079 4927 1230 5001 Αἰθαλίδην·
1275 4942 1411 4991 stutochum
1423 4941 1574 4992 AEthsttdem.
1591 4945 1637 4993 Per
1648 4943 1691 4994 hus
1701 4944 1762 4994 duos
1772 4947 1995 5011 xenodesejmque
2009 4963 2050 4998 εο-

461 5000 528 5074 μετδι
539 5003 606 5060 δυοῖν
622 5004 721 5062 τούτοιν
734 5007 760 5062 ἐν
771 5009 809 5085 τῷ
821 5005 894 5066 άστει
906 5011 984 5068 strui
999 5009 1045 5080 τήν
1058 5013 1233 5093 ἐκμαρτυρίαν
1276 5029 1306 5078 cii
1317 5029 1357 5078 hic
1366 5031 1391 5079 tn
1400 5029 1459 5079 urhe
1467 5029 1661 5080 ertestimonium
1672 5031 1717 5082 sibi
1726 5045 1864 5095 procurasse
1874 5033 1965 5083 dicunt
1996 5037 2050 5085 tiu·

460 5086 702 5169 παιήσοιοθαίφαοιν
711 5083 912 5153 sororiantes
924 5096 970 5172 μὲν
977 5095 1010 5154 τδι
1018 5097 1124 5156 τούτων·
1132 5093 1168 5166 οίς
1180 5101 1233 5160 οὐδ’
1274 5115 1379 5176 jusmodi
1396 5118 1453 5166 sunt
1469 5129 1553 5166 eorum
1563 5130 1656 5179 morem
1667 5118 1755 5180 quibus
1770 5131 1841 5168 nemo
1854 5119 1925 5169 tacite
1935 5121 1986 5170 utln
2001 5121 2050 5171 stis

462 5169 493 5228 δν
513 5171 573 5251 περὶ
582 5177 685 5234 ὁτουοῦν
697 5177 856 5238 πιστεύσειεν
869 5181 948 5241 ἄλλου
965 5183 1053 5250 οὐδείς.
1096 5186 1141 5264 (τι)
1155 5185 1234 5256 Ἴσως
1276 5203 1300 5250 in
1321 5215 1349 5252 re
1372 5202 1444 5252 fidem
1461 5202 1579 5253 adhibent.
1613 5206 1662 5268 (εἰ)
1681 5206 1712 5254 Αἰ
1727 5205 1819 5255 medius
1832 5205 1903 5255 tidius
1917 5207 1972 5256 tere
1989 5208 2050 5270 quid

421 5277 447 5317 ²⁰
460 5249 554 5345 Υθθῇν
581 5258 614 5331 *θ
637 5261 687 5320 Δία
709 5265 838 5346 πάρεργον
859 5268 903 5326 καί
922 5272 1032 5348 φαῦλον,
1050 5273 1111 5352 περί
1134 5265 1164 5332 ot
1186 5274 1233 5346 τήν
1275 5293 1327 5340 erut
1335 5293 1407 5353 utque
1420 5291 1530 5341 frivolum
1542 5291 1661 5354 id,euJus
1669 5305 1740 5342 τουτο
1748 5293 2050 5356 οτιοείίιιιοοίυωοΡειε·

459 5343 633 5423 ἐκμαρτυρίαν
644 5347 717 5426 παρὰ
729 5355 774 5408 τοῦ
787 5353 927 5434 Πυρετίδου
940 5356 1004 5436 φασί
1021 5357 1178 5426 ποιήσασθαι
1189 5349 1233 5418 οἰ·
1275 5376 1325 5427 ude
1342 5377 1367 5426 111
1380 5377 1524 5440 poscebant,
1536 5381 1563 5428 ut
1575 5377 1713 5428 mirandum
1730 5379 1765 5428 πί]
1781 5381 1814 5429 stt
1824 5380 1855 5429 ab
1868 5393 1897 5429 οο
1915 5392 1966 5429 rem
1978 5379 2048 5431 istam

460 5451 511 5502 τοι,
521 5428 588 5489 ὥστε
598 5429 671 5489 οὖδέν
681 5437 828 5510 θαυμαστὸν
839 5441 1027 5520 θλιγωρηθῆναι
1036 5435 1068 5513 ήν
1075 5443 1104 5501 τὸ
1113 5451 1231 5522 πρίίγμα.
1275 5465 1342 5514 μοις
1352 5477 1407 5513 cum
1416 5464 1524 5515 mordis
1537 5467 1616 5515 setam
1625 5467 1692 5516 m?
1721 5465 1795 5529 Atqui
1806 5466 1865 5516 levis
1879 5465 1934 5515 111oe
1943 5479 1980 5515 ηπ
1988 5469 2048 5528 qut,

463 5517 516 5577 Καί
528 5519 582 5587 πῶς
589 5541 597 5592 ;
606 5516 674 5578 ὥστε
683 5521 742 5602 περί
754 5525 832 5583 edroi
840 5527 930 5586 τούτου
940 5533 955 5588 ό
967 5528 1036 5598 ἀγὼν
1046 5521 1077 5601 ήν
1087 5533 1101 5588 δ
1112 5533 1162 5589 τῶν
1171 5535 1230 5612 quo·
1276 5563 1371 5614 queso,
1383 5553 1428 5602 erit
1437 5553 1474 5614 oi,
1483 5553 1521 5602 cni
1531 5553 1556 5602 in
1565 5553 1612 5603 troo
1623 5553 1674 5617 ipso
1684 5555 1821 5606 verteretur
1829 5551 1902 5605 eudo
1911 5549 2048 5604 &tumbis
